<DATE>;<TIME>;<LAST>;<VOL>;<ID>;<OPER>
240606;095937;314.7;10;10617801085;B
240606;095937;314.7;200;10617801086;S
240606;095937;314.7;20;10617801087;S
240606;095937;314.7;10;10617801088;S
240606;095937;314.7;10;10617801089;S
240606;095937;314.7;100;10617801090;S
240606;095937;314.7;260;10617801091;S
240606;095937;314.7;10;10617801092;S
240606;095937;314.7;20;10617801093;S
240606;095937;314.7;150;10617801094;S
240606;095937;314.7;300;10617801095;S
240606;095937;314.7;10;10617801096;S
240606;095937;314.7;30;10617801097;S
240606;095937;314.7;100;10617801098;S
240606;095937;314.7;30;10617801099;S
240606;095937;314.7;10;10617801100;B
240606;095937;314.7;10;10617801101;B
240606;095937;314.7;10;10617801102;B
240606;095937;314.7;10;10617801103;B
240606;095937;314.7;20;10617801104;B
240606;095937;314.7;1010;10617801105;B
240606;095937;314.7;30;10617801106;B
240606;095937;314.7;130;10617801107;B
240606;095937;314.7;510;10617801108;B
240606;095937;314.7;600;10617801109;S
240606;095937;314.7;10;10617801110;S
240606;095937;314.7;10;10617801111;B
240606;095937;314.7;20;10617801112;B
240606;095937;314.7;200;10617801113;S
240606;095937;314.7;20;10617801114;B
240606;095937;314.7;10;10617801115;B
240606;095937;314.7;500;10617801116;B
240606;095937;314.7;20;10617801117;B
240606;095937;314.7;10;10617801118;B
240606;095937;314.7;10;10617801119;S
240606;095937;314.7;20;10617801120;B
240606;095937;314.7;1890;10617801121;S
240606;095937;314.7;10;10617801122;S
240606;095937;314.7;10;10617801123;S
240606;095937;314.7;10;10617801124;S
240606;095937;314.7;10;10617801125;S
240606;095937;314.7;540;10617801126;S
240606;095937;314.7;10;10617801127;S
240606;095937;314.7;30;10617801128;S
240606;095937;314.7;20;10617801129;S
240606;095937;314.7;10;10617801130;B
240606;095937;314.7;10;10617801131;B
240606;095937;314.7;100;10617801132;S
240606;095937;314.7;20;10617801133;S
240606;095937;314.7;70;10617801134;S
240606;095937;314.7;10;10617801135;S
240606;095937;314.7;10;10617801136;S
240606;095937;314.7;40;10617801137;S
240606;095937;314.7;200;10617801138;B
240606;095937;314.7;800;10617801139;B
240606;095937;314.7;250;10617801140;S
240606;095937;314.7;10;10617801141;S
240606;095937;314.7;20;10617801142;S
240606;095937;314.7;10;10617801143;S
240606;095937;314.7;10;10617801144;B
240606;095937;314.7;40;10617801145;S
240606;095937;314.7;60;10617801146;S
240606;095937;314.7;20;10617801147;S
240606;095937;314.7;40;10617801148;S
240606;095937;314.7;20;10617801149;B
240606;095937;314.7;3500;10617801150;S
240606;095937;314.7;40;10617801151;S
240606;095937;314.7;50;10617801152;B
240606;095937;314.7;1100;10617801153;S
240606;095937;314.7;50;10617801154;B
240606;095937;314.7;2000;10617801155;B
240606;095937;314.7;10;10617801156;S
240606;095937;314.7;10;10617801157;S
240606;095937;314.7;10;10617801158;S
240606;095937;314.7;10;10617801159;S
240606;095937;314.7;10;10617801160;S
240606;095937;314.7;30;10617801161;S
240606;095937;314.7;10;10617801162;S
240606;095937;314.7;10;10617801163;S
240606;095937;314.7;10;10617801164;S
240606;095937;314.7;10;10617801165;S
240606;095937;314.7;10;10617801166;S
240606;095937;314.7;10;10617801167;S
240606;095937;314.7;10;10617801168;S
240606;095937;314.7;50;10617801169;S
240606;095937;314.7;20;10617801170;S
240606;095937;314.7;10;10617801171;S
240606;095937;314.7;40;10617801172;S
240606;095937;314.7;10;10617801173;S
240606;095937;314.7;30;10617801174;S
240606;095937;314.7;20;10617801175;S
240606;095937;314.7;170;10617801176;S
240606;095937;314.7;170;10617801177;S
240606;095937;314.7;30;10617801178;S
240606;095937;314.7;10;10617801179;S
240606;095937;314.7;400;10617801180;S
240606;095937;314.7;20;10617801181;S
240606;095937;314.7;40;10617801182;S
240606;095937;314.7;30;10617801183;S
240606;095937;314.7;10;10617801184;S
240606;095937;314.7;100;10617801185;S
240606;095937;314.7;20;10617801186;S
240606;095937;314.7;60;10617801187;S
240606;095937;314.7;20;10617801188;S
240606;095937;314.7;30;10617801189;S
240606;095937;314.7;60;10617801190;S
240606;095937;314.7;10;10617801191;S
240606;095937;314.7;30;10617801192;S
240606;095937;314.7;10;10617801193;S
240606;095937;314.7;320;10617801194;S
240606;095937;314.7;10;10617801195;S
240606;095937;314.7;10;10617801196;S
240606;095937;314.7;10;10617801197;S
240606;095937;314.7;100;10617801198;S
240606;095937;314.7;10;10617801199;S
240606;095937;314.7;10;10617801200;S
240606;095937;314.7;10;10617801201;S
240606;095937;314.7;30;10617801202;S
240606;095937;314.7;10;10617801203;S
240606;095937;314.7;1250;10617801204;S
240606;095937;314.7;30;10617801205;B
240606;095937;314.7;10;10617801206;B
240606;095937;314.7;110;10617801207;B
240606;095937;314.7;100;10617801208;B
240606;095937;314.7;50;10617801209;B
240606;095937;314.7;10;10617801210;B
240606;095937;314.7;20;10617801211;B
240606;095937;314.7;30;10617801212;B
240606;095937;314.7;300;10617801213;B
240606;095937;314.7;10;10617801214;B
240606;095937;314.7;160;10617801215;B
240606;095937;314.7;350;10617801216;B
240606;095937;314.7;100;10617801217;B
240606;095937;314.7;660;10617801218;B
240606;095937;314.7;10;10617801219;B
240606;095937;314.7;1480;10617801220;B
240606;095937;314.7;2000;10617801221;B
240606;095937;314.7;10;10617801222;S
240606;095937;314.7;10;10617801223;S
240606;095937;314.7;100;10617801224;S
240606;100000;314.7;3000;10617804750;B
240606;100000;314.7;10;10617804769;B
240606;100001;314.7;10;10617804863;B
240606;100001;314.7;10;10617804917;B
240606;100001;314.7;10;10617804930;B
240606;100001;314.7;70;10617805063;B
240606;100001;314.7;10;10617805064;B
240606;100001;314.72;70;10617805065;B
240606;100001;314.72;20;10617805066;B
240606;100001;314.72;100;10617805067;B
240606;100001;314.72;10;10617805068;B
240606;100001;314.72;30;10617805069;B
240606;100001;314.72;1500;10617805070;B
240606;100001;314.72;30;10617805071;B
240606;100001;314.72;20;10617805072;B
240606;100001;314.72;1010;10617805073;B
240606;100001;314.72;20;10617805074;B
240606;100001;314.72;10;10617805075;B
240606;100002;314.74;10;10617805449;B
240606;100003;314.73;960;10617805742;S
240606;100003;314.73;600;10617805743;S
240606;100003;314.72;340;10617805744;S
240606;100003;314.74;10;10617805843;B
240606;100003;314.73;10;10617805869;S
240606;100003;314.74;330;10617805892;B
240606;100003;314.78;20;10617805893;B
240606;100004;314.78;10;10617806041;B
240606;100004;314.78;20;10617806093;B
240606;100004;314.78;10;10617806099;B
240606;100004;314.73;10;10617806442;S
240606;100004;314.74;100;10617806445;S
240606;100004;314.78;10;10617806450;B
240606;100004;314.75;30;10617806453;S
240606;100005;314.78;60;10617806536;B
240606;100005;314.78;10;10617806803;B
240606;100005;314.78;20;10617806870;B
240606;100005;314.8;10;10617806871;B
240606;100005;314.8;30;10617806876;B
240606;100005;314.8;10;10617807038;B
240606;100005;314.77;20;10617807043;S
240606;100005;314.8;40;10617807109;B
240606;100005;314.8;50;10617807110;B
240606;100005;314.87;600;10617807111;B
240606;100005;314.87;470;10617807112;B
240606;100005;314.87;510;10617807113;B
240606;100005;314.87;1860;10617807114;B
240606;100005;314.87;10;10617807223;B
240606;100005;314.87;190;10617807285;B
240606;100005;314.78;10;10617807317;S
240606;100005;314.87;10;10617807426;B
240606;100005;314.87;10;10617807427;B
240606;100005;314.87;300;10617807433;B
240606;100005;314.87;10;10617807529;B
240606;100005;314.87;10;10617807659;B
240606;100006;314.87;60;10617807719;B
240606;100006;314.87;470;10617807720;B
240606;100006;314.87;40;10617807721;B
240606;100006;314.87;140;10617807722;B
240606;100006;314.78;20;10617808002;S
240606;100006;314.87;60;10617808022;B
240606;100006;314.8;10;10617808274;S
240606;100006;314.87;10;10617808277;B
240606;100006;314.87;10;10617808293;B
240606;100006;314.8;200;10617808322;S
240606;100007;314.8;50;10617808474;S
240606;100007;314.8;10;10617808840;S
240606;100007;314.87;100;10617809029;B
240606;100007;314.87;20;10617809224;B
240606;100007;314.81;10;10617809245;S
240606;100007;314.8;10;10617809246;S
240606;100007;314.87;10;10617809247;B
240606;100007;314.8;430;10617809248;S
240606;100007;314.8;70;10617809249;S
240606;100007;314.87;120;10617809304;B
240606;100007;314.87;290;10617809305;B
240606;100007;314.87;10;10617809482;B
240606;100007;314.87;10;10617809483;B
240606;100007;314.87;10;10617809484;B
240606;100007;314.89;280;10617809680;B
240606;100007;314.81;10;10617809681;S
240606;100007;314.89;80;10617809682;B
240606;100007;314.89;30;10617809683;B
240606;100007;314.89;20;10617809684;B
240606;100008;314.89;90;10617810191;B
240606;100008;314.83;10;10617810425;S
240606;100008;314.89;10;10617810428;B
240606;100008;314.89;90;10617810429;B
240606;100008;314.82;960;10617810432;S
240606;100008;314.82;600;10617810433;S
240606;100008;314.78;80;10617810434;S
240606;100008;314.78;10;10617810435;S
240606;100008;314.78;320;10617810436;S
240606;100008;314.78;480;10617810437;S
240606;100009;314.81;960;10617811000;S
240606;100009;314.81;600;10617811001;S
240606;100009;314.78;860;10617811002;S
240606;100009;314.78;320;10617811003;S
240606;100009;314.77;170;10617811004;S
240606;100009;314.77;510;10617811005;S
240606;100009;314.76;70;10617811006;S
240606;100009;314.76;510;10617811007;S
240606;100009;314.75;510;10617811008;S
240606;100009;314.74;490;10617811009;S
240606;100009;314.89;10;10617811033;B
240606;100009;314.89;100;10617811137;B
240606;100010;314.89;60;10617811235;B
240606;100010;314.79;30;10617811240;S
240606;100010;314.79;190;10617811259;S
240606;100010;314.89;10;10617811274;B
240606;100010;314.89;10;10617811337;B
240606;100010;314.89;370;10617811353;B
240606;100010;314.79;10;10617811405;S
240606;100010;314.89;80;10617811429;B
240606;100010;314.79;30;10617811430;S
240606;100010;314.89;250;10617811446;B
240606;100010;314.89;20;10617811498;B
240606;100010;314.8;110;10617811508;S
240606;100010;314.8;10;10617811516;S
240606;100011;314.89;450;10617811604;B
240606;100013;314.87;20;10617811941;B
240606;100013;314.81;320;10617811993;S
240606;100013;314.81;960;10617811994;S
240606;100013;314.81;600;10617811995;S
240606;100013;314.79;140;10617811996;S
240606;100013;314.79;2000;10617811997;S
240606;100013;314.78;240;10617811998;S
240606;100013;314.78;500;10617811999;S
240606;100013;314.77;340;10617812000;S
240606;100013;314.75;510;10617812001;S
240606;100013;314.74;510;10617812002;S
240606;100013;314.74;80;10617812003;S
240606;100014;314.87;490;10617812216;B
240606;100014;314.87;600;10617812217;B
240606;100014;314.87;470;10617812218;B
240606;100014;314.87;1440;10617812219;B
240606;100015;314.75;10;10617812369;S
240606;100016;314.78;150;10617812508;B
240606;100017;314.75;220;10617812572;S
240606;100017;314.74;280;10617812573;S
240606;100017;314.76;600;10617812608;B
240606;100017;314.77;500;10617812609;B
240606;100017;314.78;1000;10617812610;B
240606;100017;314.79;500;10617812611;B
240606;100017;314.79;400;10617812612;B
240606;100018;314.79;10;10617812699;S
240606;100018;314.79;600;10617812700;S
240606;100018;314.75;390;10617812701;S
240606;100018;314.74;90;10617812719;S
240606;100018;314.73;360;10617812720;S
240606;100018;314.73;510;10617812721;S
240606;100018;314.72;40;10617812722;S
240606;100019;314.72;20;10617812732;S
240606;100019;314.72;10;10617812733;S
240606;100019;314.72;510;10617812734;S
240606;100019;314.71;460;10617812735;S
240606;100019;314.7;1000;10617812814;S
240606;100019;314.7;500;10617812822;S
240606;100019;314.69;510;10617812823;S
240606;100019;314.68;510;10617812824;S
240606;100019;314.67;510;10617812825;S
240606;100019;314.66;510;10617812826;S
240606;100019;314.66;600;10617812827;S
240606;100019;314.65;510;10617812828;S
240606;100019;314.64;510;10617812829;S
240606;100019;314.63;510;10617812830;S
240606;100019;314.62;330;10617812831;S
240606;100019;314.61;510;10617812852;S
240606;100019;314.61;490;10617812853;S
240606;100020;314.66;10;10617813083;S
240606;100020;314.68;10;10617813125;B
240606;100021;314.68;100;10617813152;B
240606;100021;314.68;100;10617813210;B
240606;100021;314.68;100;10617813267;B
240606;100021;314.68;30;10617813282;B
240606;100022;314.68;100;10617813331;B
240606;100022;314.62;30;10617813389;S
240606;100023;314.74;180;10617813541;B
240606;100024;314.72;310;10617813732;B
240606;100024;314.72;10;10617813736;B
240606;100026;314.74;450;10617813935;S
240606;100027;314.82;10;10617813947;B
240606;100027;314.82;20;10617813979;B
240606;100028;314.75;400;10617814096;B
240606;100028;314.75;510;10617814097;B
240606;100028;314.76;510;10617814098;B
240606;100028;314.77;510;10617814099;B
240606;100028;314.78;80;10617814100;B
240606;100028;314.85;350;10617814128;B
240606;100028;314.76;400;10617814129;S
240606;100029;314.83;470;10617814268;B
240606;100029;314.83;330;10617814269;B
240606;100029;314.79;200;10617814284;S
240606;100031;314.8;940;10617814741;B
240606;100032;314.77;10;10617815013;S
240606;100034;314.8;900;10617815214;B
240606;100034;314.79;100;10617815282;S
240606;100036;314.8;10;10617815539;B
240606;100037;314.79;20;10617815693;S
240606;100038;314.79;280;10617815806;S
240606;100038;314.78;220;10617815807;S
240606;100038;314.78;20;10617815810;S
240606;100041;314.79;20;10617816366;B
240606;100042;314.78;20;10617816468;S
240606;100044;314.79;4460;10617816897;S
240606;100044;314.79;600;10617816898;S
240606;100044;314.79;960;10617816899;S
240606;100044;314.79;150;10617816900;S
240606;100044;314.78;210;10617816901;S
240606;100044;314.77;440;10617816902;S
240606;100044;314.76;280;10617816903;S
240606;100044;314.76;340;10617816904;S
240606;100044;314.75;90;10617816905;S
240606;100044;314.75;450;10617816906;S
240606;100044;314.74;10000;10617816907;S
240606;100044;314.74;10;10617816908;S
240606;100044;314.73;2000;10617816909;S
240606;100044;314.73;470;10617816910;S
240606;100044;314.72;10;10617816911;S
240606;100044;314.72;80;10617816912;S
240606;100044;314.72;510;10617816913;S
240606;100044;314.72;1000;10617816914;S
240606;100044;314.72;4460;10617816915;B
240606;100044;314.71;10;10617816920;B
240606;100044;314.69;30;10617816923;S
240606;100044;314.71;100;10617816967;B
240606;100044;314.69;40;10617817028;S
240606;100044;314.71;200;10617817033;B
240606;100045;314.68;40;10617817099;S
240606;100045;314.7;150;10617817133;B
240606;100045;314.7;60;10617817158;B
240606;100046;314.63;860;10617817339;S
240606;100046;314.63;960;10617817340;S
240606;100046;314.63;500;10617817341;S
240606;100046;314.62;800;10617817342;S
240606;100046;314.62;300;10617817343;S
240606;100046;314.61;10;10617817344;S
240606;100046;314.61;500;10617817345;S
240606;100046;314.6;10;10617817346;S
240606;100046;314.6;10;10617817347;S
240606;100046;314.6;700;10617817348;S
240606;100046;314.59;300;10617817349;S
240606;100046;314.59;10;10617817350;S
240606;100046;314.59;900;10617817351;S
240606;100046;314.59;510;10617817352;S
240606;100046;314.58;10;10617817353;S
240606;100046;314.58;10;10617817354;S
240606;100046;314.58;510;10617817355;S
240606;100046;314.58;1060;10617817356;S
240606;100046;314.57;10;10617817357;S
240606;100046;314.57;100;10617817358;S
240606;100046;314.57;510;10617817359;S
240606;100046;314.56;100;10617817360;S
240606;100046;314.56;510;10617817361;S
240606;100046;314.55;510;10617817362;S
240606;100046;314.54;510;10617817363;S
240606;100046;314.54;1120;10617817364;S
240606;100046;314.53;510;10617817365;S
240606;100046;314.53;8000;10617817366;S
240606;100046;314.53;600;10617817367;S
240606;100046;314.52;500;10617817368;S
240606;100046;314.52;60;10617817375;B
240606;100046;314.5;10;10617817403;S
240606;100046;314.5;10;10617817404;S
240606;100046;314.5;30;10617817405;S
240606;100046;314.5;10;10617817406;S
240606;100046;314.5;100;10617817407;S
240606;100046;314.5;100;10617817408;S
240606;100046;314.5;770;10617817409;S
240606;100046;314.49;510;10617817410;S
240606;100046;314.48;510;10617817411;S
240606;100046;314.48;2000;10617817412;S
240606;100046;314.47;510;10617817413;S
240606;100046;314.46;510;10617817414;S
240606;100046;314.46;600;10617817415;S
240606;100046;314.45;510;10617817416;S
240606;100046;314.44;510;10617817417;S
240606;100046;314.43;510;10617817418;S
240606;100046;314.42;510;10617817419;S
240606;100046;314.42;1000;10617817420;S
240606;100046;314.42;470;10617817421;S
240606;100046;314.41;510;10617817422;S
240606;100046;314.4;10;10617817423;S
240606;100046;314.4;300;10617817424;S
240606;100046;314.44;2000;10617817438;S
240606;100047;314.47;200;10617817445;B
240606;100047;314.44;100;10617817447;S
240606;100047;314.48;100;10617817459;B
240606;100047;314.46;100;10617817524;B
240606;100047;314.42;40;10617817553;S
240606;100048;314.46;10;10617817582;B
240606;100048;314.42;10;10617817597;S
240606;100048;314.46;20;10617817627;B
240606;100048;314.46;100;10617817632;B
240606;100048;314.42;400;10617817665;S
240606;100048;314.43;10;10617817687;B
240606;100048;314.4;300;10617817713;S
240606;100049;314.43;100;10617817779;B
240606;100049;314.4;1000;10617817823;S
240606;100049;314.4;600;10617817841;B
240606;100049;314.4;470;10617817842;B
240606;100050;314.44;100;10617817917;B
240606;100050;314.41;470;10617817980;S
240606;100050;314.4;2000;10617817981;S
240606;100050;314.38;600;10617817992;B
240606;100050;314.38;600;10617817993;S
240606;100050;314.39;100;10617817994;B
240606;100050;314.37;200;10617818035;B
240606;100050;314.36;120;10617818039;S
240606;100050;314.36;20;10617818054;S
240606;100050;314.37;200;10617818073;B
240606;100051;314.37;50;10617818178;B
240606;100052;314.36;330;10617818374;S
240606;100052;314.36;20;10617818375;S
240606;100053;314.37;20;10617818474;B
240606;100053;314.37;20;10617818485;B
240606;100053;314.36;260;10617818517;S
240606;100053;314.37;170;10617818546;B
240606;100054;314.35;460;10617818598;S
240606;100054;314.34;650;10617818599;S
240606;100054;314.33;480;10617818600;S
240606;100054;314.36;30;10617818673;B
240606;100054;314.36;10;10617818678;B
240606;100055;314.34;10;10617818773;S
240606;100055;314.33;20;10617818778;S
240606;100055;314.35;10;10617818849;B
240606;100055;314.33;100;10617818872;S
240606;100056;314.34;100;10617818966;S
240606;100056;314.34;100;10617818989;S
240606;100056;314.35;10;10617819087;B
240606;100057;314.35;100;10617819236;B
240606;100058;314.34;10;10617819342;S
240606;100058;314.34;470;10617819343;S
240606;100058;314.33;240;10617819344;S
240606;100058;314.32;100;10617819345;S
240606;100058;314.32;440;10617819346;S
240606;100058;314.31;620;10617819347;S
240606;100058;314.31;510;10617819348;S
240606;100058;314.3;10;10617819349;S
240606;100058;314.3;10;10617819350;S
240606;100058;314.3;50;10617819351;S
240606;100058;314.3;190;10617819352;S
240606;100058;314.35;100;10617819387;B
240606;100058;314.31;10;10617819492;S
240606;100058;314.31;70;10617819493;S
240606;100058;314.31;70;10617819494;S
240606;100059;314.35;120;10617819538;B
240606;100059;314.35;10;10617819552;B
240606;100059;314.35;20;10617819606;B
240606;100101;314.3;350;10617819814;S
240606;100101;314.3;160;10617819840;S
240606;100101;314.32;100;10617819911;B
240606;100101;314.3;290;10617819953;S
240606;100102;314.3;1000;10617819989;S
240606;100102;314.32;100;10617820006;B
240606;100102;314.32;10;10617820048;B
240606;100103;314.31;10;10617820096;B
240606;100103;314.31;90;10617820097;B
240606;100103;314.32;100;10617820136;B
240606;100103;314.32;10;10617820165;B
240606;100103;314.32;100;10617820212;B
240606;100103;314.32;100;10617820274;B
240606;100105;314.33;340;10617820653;B
240606;100105;314.31;20;10617820706;S
240606;100105;314.3;10;10617820707;S
240606;100106;314.3;690;10617820814;S
240606;100106;314.3;300;10617820815;S
240606;100106;314.3;1850;10617820816;S
240606;100106;314.3;250;10617820817;S
240606;100108;314.33;10;10617821022;B
240606;100108;314.33;300;10617821054;S
240606;100109;314.35;100;10617821134;B
240606;100109;314.35;350;10617821184;B
240606;100109;314.35;10;10617821188;B
240606;100109;314.35;100;10617821208;B
240606;100110;314.34;50;10617821236;S
240606;100110;314.33;660;10617821237;S
240606;100110;314.33;470;10617821238;S
240606;100110;314.32;510;10617821239;S
240606;100110;314.31;510;10617821240;S
240606;100110;314.31;380;10617821241;S
240606;100111;314.35;40;10617821423;B
240606;100111;314.36;60;10617821424;B
240606;100111;314.36;770;10617821425;B
240606;100112;314.35;100;10617821452;B
240606;100112;314.35;100;10617821476;B
240606;100112;314.36;100;10617821534;B
240606;100113;314.36;100;10617821738;B
240606;100113;314.34;20;10617821743;S
240606;100114;314.36;100;10617821756;B
240606;100114;314.36;100;10617821772;B
240606;100115;314.36;2090;10617821846;B
240606;100115;314.34;30;10617821875;S
240606;100115;314.34;960;10617821876;S
240606;100115;314.33;10;10617821877;S
240606;100115;314.34;200;10617821926;S
240606;100116;314.34;100;10617822016;S
240606;100117;314.34;100;10617822079;S
240606;100117;314.34;120;10617822093;S
240606;100117;314.35;10;10617822161;B
240606;100118;314.34;340;10617822186;S
240606;100118;314.34;10;10617822187;S
240606;100118;314.33;290;10617822188;S
240606;100118;314.33;280;10617822189;S
240606;100118;314.33;470;10617822190;S
240606;100118;314.34;100;10617822206;B
240606;100118;314.34;10;10617822264;B
240606;100120;314.32;10;10617822528;S
240606;100121;314.32;340;10617822745;S
240606;100121;314.31;2610;10617822746;S
240606;100121;314.32;100;10617822750;B
240606;100122;314.31;110;10617822816;S
240606;100122;314.32;60;10617822824;B
240606;100123;314.31;500;10617822903;S
240606;100123;314.31;100;10617822910;S
240606;100123;314.31;400;10617822913;S
240606;100123;314.31;500;10617822918;S
240606;100123;314.31;780;10617822919;S
240606;100123;314.31;10;10617822920;S
240606;100123;314.31;210;10617822921;S
240606;100123;314.31;370;10617822922;S
240606;100123;314.3;20;10617822949;S
240606;100123;314.3;20;10617822950;S
240606;100123;314.3;720;10617822951;S
240606;100123;314.3;70;10617822952;S
240606;100124;314.29;500;10617822967;S
240606;100124;314.29;280;10617822968;S
240606;100124;314.27;100;10617822970;S
240606;100124;314.27;200;10617822971;S
240606;100124;314.27;200;10617822972;S
240606;100124;314.27;50;10617822973;S
240606;100124;314.25;100;10617822974;S
240606;100124;314.25;50;10617822975;S
240606;100124;314.24;100;10617822976;S
240606;100124;314.21;30;10617822977;S
240606;100124;314.21;10;10617822978;S
240606;100124;314.2;10;10617822979;S
240606;100124;314.2;10;10617822980;S
240606;100124;314.2;50;10617822981;S
240606;100124;314.18;100;10617822982;S
240606;100124;314.18;200;10617822983;S
240606;100124;314.15;170;10617822984;S
240606;100124;314.15;210;10617822985;S
240606;100124;314.15;1000;10617822986;S
240606;100124;314.15;200;10617822987;S
240606;100124;314.15;100;10617822988;S
240606;100124;314.15;30;10617822989;S
240606;100124;314.15;250;10617822990;S
240606;100124;314.1;10;10617822998;S
240606;100124;314.1;230;10617822999;S
240606;100124;314.1;10;10617823000;S
240606;100124;314.1;50;10617823001;S
240606;100124;314.1;60;10617823002;S
240606;100124;314.1;440;10617823003;S
240606;100124;314.1;100;10617823004;S
240606;100124;314.1;30;10617823053;B
240606;100124;314.1;10;10617823064;B
240606;100124;314.08;30;10617823075;S
240606;100124;314.08;20;10617823082;S
240606;100125;314.08;200;10617823085;S
240606;100125;314.11;10;10617823089;B
240606;100125;314.11;40;10617823096;B
240606;100125;314.09;10;10617823149;B
240606;100125;314.08;50;10617823192;S
240606;100125;314.08;10;10617823193;S
240606;100125;314.08;10;10617823194;S
240606;100126;314.07;330;10617823195;B
240606;100126;314.08;10;10617823284;B
240606;100126;314.07;100;10617823333;S
240606;100126;314.07;100;10617823346;S
240606;100127;314.07;100;10617823359;S
240606;100128;314.07;100;10617823495;S
240606;100128;314.07;70;10617823594;S
240606;100129;314.08;100;10617823648;B
240606;100129;314.07;70;10617823663;S
240606;100129;314.08;370;10617823732;B
240606;100130;314.07;10;10617823874;S
240606;100130;314.06;250;10617823875;S
240606;100130;314.04;10;10617823876;S
240606;100130;314.04;230;10617823877;S
240606;100130;314.04;100;10617823890;S
240606;100131;314.07;50;10617823993;B
240606;100132;314.05;100;10617824060;S
240606;100133;314.05;500;10617824113;S
240606;100133;314.04;50;10617824114;S
240606;100133;314.04;270;10617824115;S
240606;100133;314.05;100;10617824123;B
240606;100133;314.05;10;10617824130;B
240606;100133;314.05;100;10617824146;B
240606;100133;314.04;10;10617824163;S
240606;100133;314.04;30;10617824189;S
240606;100134;314.04;290;10617824207;S
240606;100134;314.04;600;10617824208;S
240606;100134;314.03;10;10617824259;S
240606;100134;314.03;1000;10617824260;S
240606;100134;314.03;510;10617824261;S
240606;100134;314.03;600;10617824262;S
240606;100134;314.02;510;10617824263;S
240606;100134;314.02;2500;10617824264;S
240606;100134;314.02;2500;10617824265;S
240606;100134;314.01;20;10617824266;S
240606;100134;314.01;500;10617824267;S
240606;100134;314.01;20;10617824268;S
240606;100134;314.01;200;10617824269;S
240606;100134;314.01;10;10617824270;S
240606;100134;314.01;1000;10617824271;S
240606;100134;314.01;10;10617824272;S
240606;100134;314.01;10;10617824273;S
240606;100134;314.01;10;10617824274;S
240606;100134;314.01;10;10617824275;S
240606;100134;314.01;510;10617824276;S
240606;100134;314.01;1560;10617824277;S
240606;100134;314;10;10617824278;S
240606;100134;314;10;10617824279;S
240606;100134;314;10;10617824280;S
240606;100134;314;10;10617824281;S
240606;100134;314;100;10617824282;S
240606;100134;314;4350;10617824283;S
240606;100134;314;10;10617824300;S
240606;100134;314.01;100;10617824302;B
240606;100135;314;640;10617824316;S
240606;100135;314;30;10617824317;S
240606;100135;314;10;10617824359;S
240606;100135;314.01;30;10617824362;B
240606;100135;314;260;10617824380;S
240606;100135;314.01;10;10617824385;B
240606;100136;314;4700;10617824403;S
240606;100136;314;100;10617824404;S
240606;100136;314;10;10617824405;S
240606;100136;314;100;10617824406;S
240606;100136;314;50;10617824407;S
240606;100136;314;100;10617824408;S
240606;100136;314;10;10617824409;S
240606;100136;314;10;10617824410;S
240606;100136;314;1880;10617824411;S
240606;100136;314;10;10617824412;S
240606;100136;314;380;10617824413;S
240606;100136;314;510;10617824414;S
240606;100136;314;600;10617824415;S
240606;100137;313.99;10;10617824536;S
240606;100137;314;10;10617824562;B
240606;100137;313.99;100;10617824568;S
240606;100137;313.99;530;10617824591;S
240606;100137;313.99;510;10617824592;S
240606;100137;313.98;20;10617824593;S
240606;100137;313.98;10;10617824630;S
240606;100137;313.98;50;10617824631;S
240606;100138;313.98;160;10617824667;S
240606;100138;313.99;100;10617824673;B
240606;100139;313.98;60;10617824843;S
240606;100139;313.98;40;10617824844;S
240606;100139;313.99;30;10617824869;B
240606;100139;313.99;470;10617824876;B
240606;100139;313.99;100;10617824877;B
240606;100139;313.99;490;10617824878;B
240606;100139;314;3940;10617824879;B
240606;100140;314;20;10617824936;B
240606;100140;314;50;10617824941;B
240606;100140;314;20;10617825008;B
240606;100141;314;40;10617825054;B
240606;100141;314;400;10617825144;B
240606;100142;314;20;10617825215;B
240606;100142;314;10;10617825241;B
240606;100142;314;100;10617825242;B
240606;100142;314;100;10617825256;B
240606;100142;314;310;10617825258;B
240606;100142;314;730;10617825259;B
240606;100142;314;400;10617825260;B
240606;100142;314;100;10617825261;B
240606;100142;314.01;70;10617825262;B
240606;100142;314.01;1000;10617825263;B
240606;100142;314.04;600;10617825264;B
240606;100142;314.08;1790;10617825265;B
240606;100142;314.08;240;10617825266;B
240606;100142;314.12;260;10617825267;B
240606;100143;314.1;10;10617825298;S
240606;100143;314.15;10;10617825403;B
240606;100144;314.15;20;10617825517;B
240606;100144;314.15;80;10617825518;B
240606;100145;314.1;220;10617825530;S
240606;100146;314.12;100;10617825661;S
240606;100146;314.12;100;10617825719;S
240606;100148;314.15;10;10617825834;B
240606;100148;314.15;10;10617825894;B
240606;100149;314.14;100;10617825979;S
240606;100149;314.13;10;10617825980;S
240606;100149;314.13;40;10617825981;S
240606;100149;314.15;10;10617826046;B
240606;100150;314.15;10;10617826249;B
240606;100150;314.15;30;10617826294;B
240606;100150;314.15;100;10617826324;B
240606;100150;314.19;100;10617826325;B
240606;100151;314.18;960;10617826367;S
240606;100151;314.18;40;10617826368;S
240606;100151;314.23;10;10617826443;B
240606;100153;314.23;20;10617826873;B
240606;100157;314.21;10;10617827219;S
240606;100158;314.21;10;10617827518;S
240606;100159;314.23;20;10617827584;B
240606;100200;314.24;50;10617827704;B
240606;100200;314.25;20;10617827705;B
240606;100200;314.25;10;10617827761;B
240606;100202;314.23;150;10617828054;S
240606;100203;314.25;10;10617828130;B
240606;100204;314.25;10;10617828265;B
240606;100204;314.26;80;10617828266;B
240606;100206;314.24;300;10617828435;S
240606;100206;314.24;300;10617828436;S
240606;100206;314.24;300;10617828465;B
240606;100206;314.26;110;10617828466;B
240606;100206;314.27;60;10617828467;B
240606;100209;314.26;50;10617828693;S
240606;100209;314.25;60;10617828694;S
240606;100209;314.24;190;10617828695;S
240606;100212;314.26;10;10617829128;S
240606;100213;314.26;20;10617829223;S
240606;100213;314.27;10;10617829267;B
240606;100214;314.27;1100;10617829343;B
240606;100214;314.27;810;10617829344;S
240606;100214;314.27;600;10617829345;B
240606;100217;314.29;420;10617829685;B
240606;100218;314.31;200;10617829837;S
240606;100220;314.31;80;10617830099;S
240606;100220;314.3;20;10617830100;S
240606;100222;314.3;20;10617830207;S
240606;100222;314.3;480;10617830237;S
240606;100222;314.3;220;10617830238;S
240606;100224;314.31;10;10617830452;S
240606;100224;314.31;100;10617830457;S
240606;100225;314.35;10;10617830533;B
240606;100225;314.31;100;10617830582;S
240606;100226;314.34;100;10617830659;B
240606;100226;314.32;600;10617830681;S
240606;100226;314.31;370;10617830682;S
240606;100226;314.3;30;10617830683;S
240606;100226;314.34;100;10617830719;B
240606;100226;314.36;3140;10617830720;B
240606;100226;314.36;100;10617830721;B
240606;100226;314.36;50;10617830722;B
240606;100226;314.37;510;10617830723;B
240606;100226;314.37;810;10617830724;B
240606;100226;314.37;600;10617830725;B
240606;100226;314.38;600;10617830726;B
240606;100226;314.38;510;10617830727;B
240606;100226;314.38;470;10617830728;B
240606;100226;314.39;100;10617830729;B
240606;100227;314.38;400;10617830767;S
240606;100229;314.39;500;10617830977;S
240606;100229;314.39;560;10617830978;S
240606;100229;314.42;100;10617831012;B
240606;100229;314.41;100;10617831013;S
240606;100229;314.42;10;10617831016;B
240606;100230;314.42;690;10617831051;B
240606;100230;314.46;310;10617831052;B
240606;100230;314.49;10;10617831053;B
240606;100230;314.4;500;10617831056;S
240606;100230;314.47;50;10617831114;B
240606;100231;314.43;250;10617831152;S
240606;100232;314.48;1000;10617831187;B
240606;100232;314.5;500;10617831188;B
240606;100232;314.5;50;10617831189;B
240606;100232;314.53;1450;10617831190;B
240606;100232;314.53;110;10617831266;B
240606;100232;314.53;20;10617831267;B
240606;100232;314.53;50;10617831268;B
240606;100232;314.57;450;10617831269;B
240606;100232;314.58;10;10617831311;B
240606;100233;314.58;600;10617831327;B
240606;100233;314.59;170;10617831328;B
240606;100233;314.59;230;10617831329;B
240606;100233;314.59;10;10617831364;B
240606;100233;314.6;10;10617831371;B
240606;100234;314.54;10;10617831669;S
240606;100235;314.56;10;10617831704;B
240606;100235;314.56;290;10617831705;B
240606;100236;314.57;500;10617831837;S
240606;100237;314.57;10;10617831868;S
240606;100237;314.57;10;10617831869;S
240606;100238;314.57;500;10617832012;S
240606;100239;314.58;20;10617832119;B
240606;100239;314.58;10;10617832120;B
240606;100239;314.58;20;10617832121;B
240606;100239;314.59;800;10617832122;B
240606;100239;314.6;200;10617832123;B
240606;100239;314.61;20;10617832124;B
240606;100239;314.61;300;10617832125;B
240606;100239;314.69;10;10617832209;B
240606;100240;314.69;40;10617832261;B
240606;100240;314.7;810;10617832262;B
240606;100240;314.7;20;10617832263;B
240606;100240;314.71;1130;10617832264;B
240606;100240;314.71;2000;10617832296;B
240606;100240;314.7;10;10617832331;S
240606;100240;314.71;60;10617832336;B
240606;100240;314.71;2000;10617832344;B
240606;100241;314.71;20;10617832383;B
240606;100241;314.7;100;10617832389;S
240606;100241;314.71;10;10617832405;B
240606;100241;314.7;100;10617832430;S
240606;100241;314.7;100;10617832431;S
240606;100241;314.7;400;10617832438;S
240606;100241;314.71;10;10617832478;B
240606;100242;314.7;20;10617832593;S
240606;100243;314.71;10;10617832692;B
240606;100244;314.71;10;10617832792;B
240606;100244;314.71;10;10617832934;B
240606;100244;314.71;10;10617832951;B
240606;100244;314.71;30;10617832957;B
240606;100245;314.7;100;10617832996;S
240606;100245;314.7;100;10617832997;S
240606;100245;314.71;10;10617833006;B
240606;100245;314.71;60;10617833009;B
240606;100245;314.71;10;10617833013;B
240606;100246;314.71;640;10617833122;B
240606;100246;314.7;100;10617833128;S
240606;100246;314.71;10;10617833141;B
240606;100246;314.7;280;10617833181;S
240606;100246;314.7;1220;10617833182;S
240606;100247;314.71;10;10617833235;B
240606;100247;314.71;10000;10617833249;B
240606;100247;314.71;10;10617833250;B
240606;100247;314.71;100;10617833283;B
240606;100247;314.71;100;10617833327;B
240606;100248;314.71;100;10617833362;B
240606;100248;314.71;100;10617833382;B
240606;100248;314.71;100;10617833426;B
240606;100248;314.71;100;10617833438;B
240606;100248;314.71;100;10617833449;B
240606;100248;314.7;20;10617833465;S
240606;100248;314.71;50;10617833483;B
240606;100249;314.71;100;10617833502;B
240606;100249;314.71;100;10617833512;B
240606;100249;314.71;100;10617833521;B
240606;100249;314.71;70;10617833530;B
240606;100249;314.71;100;10617833538;B
240606;100249;314.71;100;10617833579;B
240606;100249;314.71;20;10617833584;B
240606;100249;314.71;100;10617833607;B
240606;100250;314.71;10;10617833619;B
240606;100250;314.71;100;10617833634;B
240606;100250;314.71;100;10617833644;B
240606;100250;314.71;100;10617833655;B
240606;100250;314.71;100;10617833663;B
240606;100250;314.71;100;10617833679;B
240606;100251;314.71;30;10617833817;B
240606;100252;314.71;10;10617833895;B
240606;100252;314.71;10;10617833929;B
240606;100253;314.71;600;10617834003;B
240606;100253;314.71;1350;10617834007;B
240606;100253;314.71;300;10617834008;B
240606;100253;314.71;10;10617834009;B
240606;100253;314.71;140;10617834010;B
240606;100253;314.71;10;10617834011;B
240606;100253;314.74;500;10617834012;B
240606;100253;314.77;1000;10617834013;B
240606;100253;314.77;10;10617834014;B
240606;100253;314.79;50;10617834015;B
240606;100253;314.79;150;10617834016;B
240606;100253;314.8;200;10617834017;B
240606;100253;314.81;300;10617834018;B
240606;100253;314.81;5980;10617834019;B
240606;100253;314.81;50;10617834049;B
240606;100253;314.82;40;10617834050;B
240606;100253;314.87;10;10617834051;B
240606;100253;314.87;70;10617834053;B
240606;100253;314.88;100;10617834149;B
240606;100253;314.88;1000;10617834150;B
240606;100253;314.9;200;10617834151;B
240606;100253;314.91;300;10617834152;B
240606;100253;314.91;150;10617834153;B
240606;100253;314.92;200;10617834154;B
240606;100253;314.94;50;10617834155;B
240606;100254;314.95;10;10617834165;B
240606;100255;314.98;10;10617834290;B
240606;100255;314.98;10;10617834291;B
240606;100255;314.98;80;10617834292;B
240606;100255;314.99;10;10617834334;B
240606;100255;314.99;150;10617834335;B
240606;100255;315;1000;10617834336;B
240606;100255;315;20;10617834337;B
240606;100255;315;10;10617834338;B
240606;100255;315;10;10617834339;B
240606;100255;315;1000;10617834340;B
240606;100255;315;10;10617834341;B
240606;100255;315;10;10617834342;B
240606;100255;315;500;10617834343;B
240606;100255;315;310;10617834344;B
240606;100255;315.01;300;10617834345;B
240606;100255;315.01;50;10617834346;B
240606;100255;315.02;470;10617834347;B
240606;100255;315.02;20;10617834348;B
240606;100255;315.03;510;10617834349;B
240606;100255;315.04;510;10617834350;B
240606;100255;315.05;510;10617834351;B
240606;100255;315.06;510;10617834352;B
240606;100255;315.06;110;10617834353;B
240606;100255;315.06;810;10617834354;B
240606;100255;315.07;510;10617834355;B
240606;100255;315.08;510;10617834356;B
240606;100255;315.09;510;10617834357;B
240606;100255;315.09;500;10617834358;B
240606;100255;315.09;1140;10617834359;B
240606;100255;315.09;20;10617834361;B
240606;100255;315.09;200;10617834362;B
240606;100255;315.09;30;10617834401;B
240606;100255;315.08;100;10617834412;S
240606;100255;315.09;440;10617834419;B
240606;100255;315.1;10;10617834420;B
240606;100255;315.11;190;10617834421;B
240606;100255;315.11;110;10617834427;B
240606;100255;315.12;500;10617834428;B
240606;100255;315.13;230;10617834429;B
240606;100256;315.14;510;10617834430;B
240606;100256;315.14;470;10617834431;B
240606;100256;315.15;20;10617834432;B
240606;100256;315.15;340;10617834460;B
240606;100256;315.08;500;10617834472;S
240606;100256;315.13;100;10617834487;S
240606;100257;315.15;640;10617834573;B
240606;100257;315.15;200;10617834574;B
240606;100257;315.15;20;10617834575;B
240606;100257;315.17;140;10617834576;B
240606;100257;315.13;40;10617834581;S
240606;100257;315.13;100;10617834606;S
240606;100257;315.13;100;10617834649;S
240606;100257;315.13;200;10617834657;S
240606;100258;315.13;10;10617834712;S
240606;100258;315.14;50;10617834718;B
240606;100258;315.13;50;10617834799;S
240606;100258;315.13;1260;10617834800;S
240606;100258;315.13;20;10617834801;S
240606;100258;315.09;470;10617834802;S
240606;100258;315.09;510;10617834803;S
240606;100258;315.08;690;10617834804;S
240606;100301;315.12;160;10617835252;B
240606;100301;315.12;340;10617835270;B
240606;100301;315.13;290;10617835271;B
240606;100304;315.09;20;10617835972;S
240606;100304;315.09;100;10617835979;S
240606;100304;315.12;350;10617836001;B
240606;100304;315.1;500;10617836019;S
240606;100304;315.12;500;10617836060;B
240606;100305;315.12;200;10617836123;S
240606;100305;315.13;30;10617836131;B
240606;100305;315.12;200;10617836164;S
240606;100305;315.13;310;10617836193;B
240606;100306;315.13;660;10617836243;B
240606;100306;315.13;400;10617836244;B
240606;100306;315.14;70;10617836253;B
240606;100306;315.14;40;10617836369;B
240606;100307;315.13;50;10617836402;S
240606;100307;315.12;150;10617836403;S
240606;100307;315.12;400;10617836443;S
240606;100309;315.14;390;10617836600;B
240606;100309;315.14;810;10617836601;B
240606;100309;315.15;440;10617836602;B
240606;100309;315.16;360;10617836603;B
240606;100309;315.16;90;10617836671;B
240606;100311;315.13;600;10617836869;S
240606;100311;315.12;400;10617836870;S
240606;100311;315.12;150;10617836871;S
240606;100311;315.12;650;10617836872;S
240606;100311;315.12;10;10617836890;S
240606;100311;315.12;280;10617836904;B
240606;100312;315.12;210;10617837027;B
240606;100312;315.12;810;10617837028;B
240606;100312;315.12;600;10617837029;B
240606;100312;315.12;510;10617837030;B
240606;100312;315.13;510;10617837031;B
240606;100312;315.14;450;10617837032;B
240606;100312;315.12;400;10617837121;S
240606;100312;315.11;100;10617837122;S
240606;100315;315.11;60;10617837379;S
240606;100315;315.12;810;10617837387;B
240606;100315;315.12;190;10617837421;S
240606;100316;315.11;600;10617837461;B
240606;100316;315.11;20;10617837462;B
240606;100316;315.1;1000;10617837570;S
240606;100317;315.12;10;10617837599;B
240606;100317;315.12;100;10617837636;B
240606;100317;315.1;30;10617837654;S
240606;100317;315.1;320;10617837655;S
240606;100317;315.09;600;10617837656;S
240606;100317;315.09;50;10617837657;S
240606;100317;315.11;170;10617837669;B
240606;100317;315.12;100;10617837698;B
240606;100318;315.12;100;10617837774;B
240606;100318;315.12;10;10617837780;B
240606;100318;315.12;100;10617837814;B
240606;100318;315.1;100;10617837832;S
240606;100318;315.1;220;10617837834;S
240606;100318;315.09;280;10617837835;S
240606;100318;315.1;100;10617837880;S
240606;100319;315.1;50;10617837918;S
240606;100319;315.11;100;10617837923;B
240606;100319;315.1;10;10617837930;S
240606;100319;315.1;10;10617838012;S
240606;100320;315.1;30;10617838047;S
240606;100320;315.09;70;10617838048;S
240606;100320;315.09;100;10617838051;S
240606;100320;315.09;100;10617838070;S
240606;100320;315.09;100;10617838071;S
240606;100320;315.1;100;10617838087;B
240606;100320;315.1;100;10617838094;B
240606;100320;315.09;230;10617838162;S
240606;100321;315.1;50;10617838179;B
240606;100322;315.1;10;10617838344;B
240606;100323;315.1;10;10617838420;B
240606;100324;315.1;10;10617838516;B
240606;100324;315.1;10;10617838583;B
240606;100324;315.1;90;10617838585;B
240606;100324;315.09;100;10617838587;S
240606;100324;315.1;100;10617838622;B
240606;100326;315.09;290;10617838804;S
240606;100326;315.08;10;10617838805;S
240606;100326;315.08;200;10617838816;S
240606;100326;315.09;500;10617838843;B
240606;100326;315.09;600;10617838844;B
240606;100326;315.09;400;10617838845;B
240606;100326;315.09;560;10617838884;B
240606;100326;315.09;380;10617838885;B
240606;100327;315.08;100;10617838927;S
240606;100327;315.08;400;10617838928;S
240606;100327;315.09;100;10617838933;B
240606;100327;315.09;10;10617838949;B
240606;100327;315.08;100;10617838992;S
240606;100327;315.09;20;10617839026;B
240606;100327;315.09;80;10617839027;B
240606;100327;315.09;100;10617839063;B
240606;100327;315.09;100;10617839082;B
240606;100327;315.09;320;10617839093;B
240606;100327;315.09;500;10617839094;B
240606;100327;315.09;150;10617839095;B
240606;100327;315.09;100;10617839100;B
240606;100328;315.09;100;10617839111;B
240606;100328;315.09;100;10617839127;B
240606;100328;315.09;10;10617839134;B
240606;100328;315.09;100;10617839156;B
240606;100328;315.09;130;10617839164;B
240606;100328;315.09;30;10617839179;B
240606;100328;315.09;100;10617839181;B
240606;100328;315.1;10;10617839195;B
240606;100328;315.08;270;10617839209;S
240606;100328;315.08;170;10617839210;S
240606;100328;315.07;260;10617839211;S
240606;100329;315.07;100;10617839371;S
240606;100330;315.07;400;10617839386;S
240606;100331;315.07;400;10617839444;S
240606;100331;315.07;20;10617839507;S
240606;100332;315.07;110;10617839602;S
240606;100332;315.06;90;10617839603;S
240606;100332;315.06;300;10617839605;S
240606;100334;315.07;100;10617839920;B
240606;100335;315.07;30;10617839988;B
240606;100335;315.06;50;10617840027;S
240606;100336;315.07;470;10617840031;B
240606;100336;315.07;330;10617840032;B
240606;100338;315.07;10;10617840302;B
240606;100338;315.06;300;10617840305;S
240606;100339;315.06;10;10617840365;S
240606;100339;315.06;150;10617840401;S
240606;100339;315.06;20;10617840402;S
240606;100339;315.05;30;10617840403;S
240606;100339;315.06;10;10617840420;B
240606;100341;315.03;320;10617840627;B
240606;100341;315.03;180;10617840628;B
240606;100341;315.03;600;10617840630;B
240606;100341;315.04;240;10617840631;B
240606;100341;315.03;600;10617840632;B
240606;100341;315.03;50;10617840702;S
240606;100342;315.03;530;10617840770;S
240606;100342;315.02;1060;10617840771;S
240606;100342;315.02;460;10617840772;S
240606;100342;315.01;1310;10617840773;S
240606;100342;315;10;10617840774;S
240606;100342;314.98;50;10617840775;S
240606;100342;314.97;550;10617840776;S
240606;100342;314.95;80;10617840782;S
240606;100342;314.9;200;10617840845;S
240606;100342;314.91;100;10617840860;B
240606;100342;314.9;310;10617840869;S
240606;100342;314.89;510;10617840870;S
240606;100342;314.89;330;10617840871;S
240606;100342;314.89;470;10617840872;S
240606;100342;314.88;380;10617840873;S
240606;100342;314.8;510;10617840874;S
240606;100342;314.79;210;10617840875;B
240606;100345;314.71;300;10617841186;S
240606;100345;314.71;210;10617841187;S
240606;100345;314.71;470;10617841188;S
240606;100345;314.71;20;10617841189;B
240606;100348;314.71;510;10617841536;S
240606;100348;314.71;470;10617841537;S
240606;100348;314.71;20;10617841538;S
240606;100353;314.79;10;10617841978;B
240606;100353;314.79;110;10617841980;B
240606;100356;314.83;80;10617842201;S
240606;100357;314.88;20;10617842259;B
240606;100358;314.88;50;10617842310;B
240606;100358;314.93;50;10617842311;B
240606;100358;314.94;400;10617842312;B
240606;100401;314.95;10;10617842635;B
240606;100402;314.93;100;10617842719;S
240606;100404;314.93;500;10617843016;S
240606;100404;314.95;50;10617843095;B
240606;100406;314.93;600;10617843248;S
240606;100406;314.93;70;10617843252;B
240606;100406;314.93;30;10617843253;B
240606;100406;314.93;100;10617843262;B
240606;100406;314.93;100;10617843327;B
240606;100407;314.93;100;10617843348;B
240606;100409;314.93;40;10617843731;S
240606;100410;314.96;10;10617843857;B
240606;100411;314.95;20;10617843871;B
240606;100411;314.95;30;10617843899;B
240606;100411;314.95;10;10617843919;B
240606;100412;314.93;60;10617843938;S
240606;100412;314.94;100;10617843942;B
240606;100412;314.94;60;10617843962;B
240606;100412;314.94;10;10617843992;B
240606;100412;314.94;100;10617844064;B
240606;100414;314.94;2230;10617844250;B
240606;100414;314.94;600;10617844251;B
240606;100414;314.94;2170;10617844252;B
240606;100415;314.94;10;10617844326;B
240606;100415;314.93;10;10617844402;S
240606;100417;314.94;10;10617844638;B
240606;100418;314.93;20;10617844784;S
240606;100419;314.94;120;10617844927;B
240606;100420;314.94;100;10617844977;B
240606;100420;314.94;90;10617844985;B
240606;100420;314.94;10;10617844986;B
240606;100420;314.94;40;10617845044;B
240606;100420;314.94;60;10617845045;B
240606;100420;314.94;40;10617845060;B
240606;100420;314.95;10;10617845073;B
240606;100421;314.94;1000;10617845134;S
240606;100421;314.94;90;10617845146;S
240606;100422;314.95;80;10617845190;B
240606;100422;314.95;20;10617845191;B
240606;100422;314.94;10;10617845261;S
240606;100422;314.95;100;10617845301;B
240606;100422;314.95;100;10617845315;B
240606;100422;314.95;100;10617845331;B
240606;100422;314.95;100;10617845345;B
240606;100423;314.95;100;10617845365;B
240606;100423;314.95;100;10617845378;B
240606;100425;314.95;550;10617845564;B
240606;100427;314.94;360;10617845851;S
240606;100427;314.94;600;10617845852;S
240606;100427;314.94;530;10617845853;S
240606;100427;314.94;960;10617845854;S
240606;100427;314.94;320;10617845855;S
240606;100427;314.94;500;10617845856;S
240606;100427;314.94;130;10617845857;S
240606;100427;314.94;510;10617845858;S
240606;100427;314.93;30;10617845859;S
240606;100427;314.93;100;10617845860;S
240606;100427;314.93;50;10617845861;S
240606;100427;314.93;510;10617845862;S
240606;100427;314.93;90;10617845863;S
240606;100427;314.92;310;10617845864;S
240606;100428;314.92;60;10617846026;S
240606;100430;314.94;10;10617846229;B
240606;100431;314.94;180;10617846295;B
240606;100432;314.93;120;10617846335;S
240606;100432;314.93;20;10617846340;B
240606;100432;314.92;30;10617846464;S
240606;100432;314.92;60;10617846465;S
240606;100433;314.92;60;10617846466;S
240606;100433;314.92;110;10617846467;S
240606;100434;314.95;10;10617846654;B
240606;100435;314.93;20;10617846737;S
240606;100435;314.95;50;10617846751;B
240606;100436;314.94;100;10617846862;S
240606;100437;314.94;20;10617846981;S
240606;100437;314.95;10;10617846984;B
240606;100437;314.94;10;10617846988;S
240606;100438;314.95;310;10617847139;B
240606;100438;314.95;10;10617847173;B
240606;100439;314.94;20;10617847237;S
240606;100439;314.94;10;10617847276;S
240606;100440;314.94;300;10617847460;S
240606;100441;314.95;110;10617847491;B
240606;100442;314.94;10;10617847664;S
240606;100443;314.95;50;10617847703;B
240606;100444;314.95;30;10617848017;B
240606;100447;314.95;10;10617848224;B
240606;100447;314.94;410;10617848255;S
240606;100447;314.94;90;10617848256;S
240606;100447;314.95;10;10617848261;B
240606;100448;314.95;10;10617848398;B
240606;100449;314.94;150;10617848514;S
240606;100450;314.94;10;10617848533;S
240606;100450;314.95;9220;10617848632;B
240606;100450;314.95;20;10617848633;B
240606;100450;314.95;40;10617848634;B
240606;100450;314.95;150;10617848635;B
240606;100450;314.96;50;10617848636;B
240606;100450;314.98;10;10617848637;B
240606;100450;315;510;10617848638;B
240606;100451;314.99;10;10617848724;S
240606;100451;315;10;10617848786;B
240606;100452;315;10;10617848807;B
240606;100452;315;30;10617848841;B
240606;100452;314.99;800;10617848863;S
240606;100454;315;10;10617849079;B
240606;100454;314.99;10;10617849106;S
240606;100455;314.99;10;10617849174;S
240606;100456;314.99;500;10617849310;S
240606;100457;315;10;10617849414;B
240606;100501;314.99;20;10617849829;S
240606;100501;315;20;10617849846;B
240606;100502;315;20;10617849974;B
240606;100502;315.05;10;10617850005;B
240606;100503;315.04;100;10617850131;S
240606;100503;315.05;10;10617850132;B
240606;100505;315.05;20;10617850265;B
240606;100506;315.07;50;10617850413;B
240606;100506;315.08;100;10617850414;B
240606;100509;315.07;10;10617850709;S
240606;100509;315.08;10;10617850724;B
240606;100510;315.08;10;10617850823;B
240606;100510;315.08;10;10617850845;B
240606;100512;315.08;90;10617851005;B
240606;100512;315.09;30;10617851006;B
240606;100512;315.09;500;10617851007;B
240606;100512;315.09;90;10617851008;B
240606;100512;315.1;10;10617851009;B
240606;100512;315.1;500;10617851010;B
240606;100512;315.1;500;10617851011;B
240606;100512;315.12;890;10617851012;B
240606;100512;315.12;840;10617851013;B
240606;100512;315.14;2500;10617851014;B
240606;100512;315.14;20;10617851015;B
240606;100512;315.14;10;10617851016;B
240606;100512;315.14;600;10617851017;B
240606;100512;315.15;8420;10617851018;B
240606;100513;315.1;10;10617851137;S
240606;100514;315.15;40;10617851210;B
240606;100514;315.15;30;10617851215;B
240606;100515;315.15;20;10617851441;B
240606;100516;315.15;50;10617851561;B
240606;100519;315.15;20;10617851783;B
240606;100519;315.15;20;10617851868;B
240606;100520;315.12;100;10617851891;S
240606;100520;315.15;190;10617851915;B
240606;100521;315.15;100;10617851972;B
240606;100521;315.13;100;10617851979;S
240606;100521;315.13;500;10617852024;S
240606;100521;315.12;670;10617852025;S
240606;100521;315.11;830;10617852026;S
240606;100522;315.13;600;10617852091;S
240606;100522;315.12;500;10617852092;S
240606;100522;315.12;860;10617852093;S
240606;100522;315.11;320;10617852094;S
240606;100522;315.11;1130;10617852095;S
240606;100522;315.1;730;10617852096;S
240606;100522;315.1;510;10617852097;S
240606;100522;315.1;460;10617852098;S
240606;100522;315.09;30;10617852136;B
240606;100522;315.05;10;10617852140;S
240606;100523;315.04;50;10617852186;S
240606;100523;315.04;150;10617852187;S
240606;100523;315.04;100;10617852188;S
240606;100523;315.09;60;10617852213;B
240606;100523;315.09;1000;10617852220;B
240606;100524;315.09;100;10617852281;B
240606;100524;315.09;360;10617852352;B
240606;100525;315.03;100;10617852523;S
240606;100526;315.07;50;10617852657;B
240606;100527;315.04;20;10617852754;S
240606;100527;315.04;80;10617852833;B
240606;100527;315.04;20;10617852834;B
240606;100528;315.03;400;10617853007;S
240606;100528;315.07;600;10617853046;B
240606;100528;315.07;470;10617853047;B
240606;100528;315.08;4050;10617853048;B
240606;100528;315.1;13690;10617853049;B
240606;100529;315.05;310;10617853083;S
240606;100531;315.09;20;10617853334;B
240606;100531;315.09;10;10617853384;B
240606;100533;315.07;320;10617853541;S
240606;100533;315.06;80;10617853542;S
240606;100534;315.1;10;10617853637;B
240606;100535;315.1;20;10617853766;B
240606;100536;315.09;100;10617853830;S
240606;100538;315.09;200;10617854010;S
240606;100538;315.1;20;10617854046;B
240606;100538;315.1;10;10617854062;B
240606;100539;315.09;20;10617854158;S
240606;100541;315.1;50;10617854323;B
240606;100541;315.1;10;10617854352;B
240606;100541;315.1;350;10617854358;B
240606;100541;315.09;40;10617854408;S
240606;100541;315.1;30;10617854427;B
240606;100542;315.09;500;10617854569;S
240606;100543;315.1;780;10617854753;B
240606;100543;315.1;10;10617854812;B
240606;100543;315.1;10;10617854816;B
240606;100544;315.09;1100;10617855027;S
240606;100545;315.1;330;10617855052;B
240606;100546;315.1;10;10617855207;B
240606;100547;315.09;10;10617855330;S
240606;100549;315.1;10;10617855540;B
240606;100550;315.09;890;10617855662;S
240606;100550;315.09;1020;10617855663;S
240606;100550;315.09;860;10617855664;S
240606;100550;315.09;180;10617855665;S
240606;100550;315.08;1710;10617855666;S
240606;100550;315.08;290;10617855667;S
240606;100550;315.07;510;10617855668;S
240606;100550;315.07;70;10617855669;S
240606;100550;315.07;600;10617855670;S
240606;100550;315.06;510;10617855671;S
240606;100550;315.06;470;10617855672;S
240606;100550;315.06;100;10617855678;B
240606;100550;315.06;100;10617855715;B
240606;100551;315.06;10;10617855821;B
240606;100552;315.06;60;10617855860;B
240606;100553;315.06;60;10617855938;B
240606;100553;315.06;640;10617855941;B
240606;100553;315.06;200;10617855942;B
240606;100553;315.06;600;10617855943;B
240606;100553;315.09;500;10617855944;B
240606;100553;315.09;3060;10617855945;B
240606;100554;315.08;600;10617856032;B
240606;100554;315.09;440;10617856033;B
240606;100554;315.09;1000;10617856034;B
240606;100554;315.09;500;10617856035;B
240606;100554;315.09;170;10617856071;S
240606;100555;315.09;100;10617856149;S
240606;100555;315.09;10;10617856151;S
240606;100555;315.09;200;10617856154;S
240606;100556;315.1;10;10617856241;B
240606;100556;315.09;100;10617856255;S
240606;100556;315.1;10;10617856278;B
240606;100557;315.09;40;10617856366;S
240606;100559;315.09;200;10617856626;S
240606;100559;315.09;30;10617856650;S
240606;100600;315.1;2060;10617856801;B
240606;100601;315.09;490;10617856841;S
240606;100601;315.09;10;10617856842;S
240606;100601;315.1;1740;10617856853;B
240606;100601;315.09;170;10617856960;S
240606;100603;315.09;300;10617857082;S
240606;100603;315.09;160;10617857130;S
240606;100604;315.09;10;10617857264;S
240606;100605;315.1;10;10617857326;B
240606;100607;315.1;10;10617857593;B
240606;100608;315.1;2060;10617857612;B
240606;100609;315.09;30;10617857725;S
240606;100609;315.1;100;10617857841;B
240606;100610;315.1;30;10617857962;B
240606;100611;315.09;560;10617857970;S
240606;100611;315.09;130;10617857971;S
240606;100611;315.09;60;10617857972;S
240606;100611;315.09;10;10617857973;S
240606;100611;315.09;30;10617857974;S
240606;100611;315.09;30;10617858077;S
240606;100612;315.09;20;10617858085;S
240606;100612;315.09;30;10617858086;S
240606;100612;315.09;110;10617858128;S
240606;100613;315.09;200;10617858182;S
240606;100614;315.09;350;10617858302;S
240606;100614;315.09;100;10617858306;B
240606;100615;315.09;100;10617858356;B
240606;100615;315.09;100;10617858359;B
240606;100615;315.09;100;10617858378;B
240606;100615;315.09;100;10617858389;B
240606;100615;315.09;100;10617858407;B
240606;100615;315.09;100;10617858411;B
240606;100615;315.09;100;10617858417;B
240606;100615;315.09;100;10617858454;B
240606;100615;315.09;100;10617858463;B
240606;100615;315.09;100;10617858489;B
240606;100616;315.09;100;10617858504;B
240606;100616;315.09;2060;10617858508;B
240606;100616;315.09;100;10617858523;B
240606;100616;315.09;100;10617858533;B
240606;100616;315.09;100;10617858550;B
240606;100616;315.09;100;10617858556;B
240606;100616;315.08;10;10617858558;S
240606;100616;315.09;100;10617858565;B
240606;100616;315.09;100;10617858569;B
240606;100616;315.09;100;10617858579;B
240606;100616;315.09;100;10617858605;B
240606;100616;315.09;40;10617858606;B
240606;100617;315.09;100;10617858613;B
240606;100617;315.09;100;10617858658;B
240606;100617;315.09;100;10617858685;B
240606;100618;315.08;10;10617858854;S
240606;100618;315.09;100;10617858882;B
240606;100619;315.09;10;10617858912;B
240606;100619;315.08;170;10617858953;S
240606;100619;315.09;700;10617858971;B
240606;100620;315.09;10;10617859040;B
240606;100620;315.09;200;10617859058;B
240606;100621;315.09;10;10617859141;B
240606;100622;315.09;20;10617859287;B
240606;100622;315.09;20;10617859308;B
240606;100623;315.09;280;10617859350;B
240606;100624;315.09;2060;10617859382;B
240606;100624;315.08;100;10617859405;S
240606;100624;315.09;1700;10617859515;B
240606;100628;315.09;10;10617860031;B
240606;100629;315.09;10;10617860206;B
240606;100629;315.08;50;10617860233;S
240606;100631;315.08;10;10617860446;S
240606;100631;315.09;180;10617860485;B
240606;100632;315.09;790;10617860527;B
240606;100632;315.09;470;10617860528;B
240606;100632;315.09;800;10617860529;B
240606;100632;315.08;80;10617860535;S
240606;100632;315.08;680;10617860536;S
240606;100632;315.08;10;10617860537;S
240606;100632;315.08;180;10617860538;S
240606;100632;315.08;50;10617860539;S
240606;100632;315.08;200;10617860547;S
240606;100633;315.08;60;10617860746;S
240606;100633;315.08;200;10617860750;S
240606;100633;315.08;600;10617860751;S
240606;100635;315.08;110;10617860984;S
240606;100636;315.08;200;10617860986;S
240606;100636;315.08;3000;10617860989;S
240606;100637;315.08;90;10617861247;S
240606;100637;315.08;10;10617861248;S
240606;100638;315.08;30;10617861322;S
240606;100638;315.09;30;10617861328;B
240606;100639;315.09;10;10617861386;B
240606;100639;315.09;40;10617861471;B
240606;100640;315.09;10;10617861490;B
240606;100640;315.09;380;10617861496;B
240606;100640;315.09;600;10617861497;B
240606;100640;315.09;320;10617861498;B
240606;100640;315.09;500;10617861499;B
240606;100640;315.1;10;10617861601;B
240606;100640;315.1;100;10617861602;B
240606;100641;315.1;260;10617861628;B
240606;100641;315.1;10;10617861644;B
240606;100643;315.1;1000;10617861779;B
240606;100643;315.1;10;10617861873;B
240606;100644;315.09;50;10617861875;S
240606;100644;315.1;20;10617862047;B
240606;100645;315.1;10;10617862073;B
240606;100645;315.1;10;10617862096;B
240606;100646;315.1;30;10617862222;B
240606;100647;315.1;60;10617862253;B
240606;100648;315.1;2000;10617862607;B
240606;100648;315.09;20;10617862608;S
240606;100649;315.1;10;10617862648;B
240606;100649;315.1;100;10617862649;B
240606;100649;315.1;200;10617862650;B
240606;100649;315.1;100;10617862651;B
240606;100649;315.1;10;10617862652;B
240606;100649;315.1;400;10617862653;B
240606;100649;315.14;510;10617862654;B
240606;100649;315.15;370;10617862655;B
240606;100649;315.15;10;10617862656;B
240606;100649;315.15;290;10617862657;B
240606;100649;315.15;170;10617862667;B
240606;100650;315.15;30;10617862760;B
240606;100650;315.12;10;10617862821;S
240606;100651;315.15;120;10617862880;B
240606;100652;315.15;60;10617863102;B
240606;100652;315.15;10;10617863110;B
240606;100653;315.15;60;10617863116;B
240606;100653;315.15;10;10617863147;B
240606;100653;315.15;10;10617863175;B
240606;100654;315.14;10;10617863182;S
240606;100654;315.14;490;10617863256;S
240606;100654;315.14;600;10617863257;S
240606;100654;315.13;440;10617863258;S
240606;100655;315.15;1100;10617863288;B
240606;100655;315.14;70;10617863329;S
240606;100656;315.15;10;10617863484;B
240606;100658;315.15;230;10617863637;B
240606;100658;315.15;70;10617863638;B
240606;100700;315.15;30;10617863733;B
240606;100700;315.16;40;10617863734;B
240606;100700;315.16;10;10617863791;B
240606;100700;315.17;400;10617863792;B
240606;100700;315.18;50;10617863793;B
240606;100700;315.2;10;10617863794;B
240606;100700;315.2;10;10617863795;B
240606;100700;315.2;10;10617863796;B
240606;100700;315.2;50;10617863797;B
240606;100700;315.2;460;10617863798;B
240606;100700;315.21;300;10617863833;B
240606;100700;315.22;510;10617863834;B
240606;100700;315.23;10;10617863835;B
240606;100700;315.23;110;10617863836;B
240606;100700;315.23;510;10617863837;B
240606;100700;315.24;510;10617863838;B
240606;100700;315.24;470;10617863839;B
240606;100700;315.25;160;10617863840;B
240606;100701;315.24;510;10617863952;B
240606;100701;315.25;340;10617863953;B
240606;100701;315.25;40;10617863954;B
240606;100701;315.21;50;10617863957;S
240606;100701;315.21;50;10617863968;S
240606;100702;315.26;80;10617864013;B
240606;100702;315.21;380;10617864016;S
240606;100702;315.21;600;10617864017;S
240606;100702;315.19;20;10617864018;S
240606;100702;315.2;10;10617864030;S
240606;100702;315.26;50;10617864032;B
240606;100703;315.27;500;10617864091;B
240606;100703;315.27;510;10617864092;B
240606;100703;315.27;600;10617864093;B
240606;100703;315.28;10;10617864094;B
240606;100703;315.28;380;10617864095;B
240606;100704;315.22;70;10617864245;S
240606;100705;315.22;10;10617864291;S
240606;100706;315.25;150;10617864427;S
240606;100706;315.27;10;10617864439;S
240606;100707;315.28;10;10617864481;B
240606;100708;315.25;50;10617864612;S
240606;100708;315.25;550;10617864653;S
240606;100708;315.24;910;10617864654;S
240606;100708;315.24;50;10617864655;S
240606;100708;315.23;700;10617864656;S
240606;100708;315.23;1530;10617864657;S
240606;100708;315.22;2890;10617864658;S
240606;100709;315.28;20;10617864698;B
240606;100710;315.28;50;10617864754;B
240606;100710;315.28;50;10617864756;B
240606;100711;315.28;10;10617864886;B
240606;100711;315.28;20;10617864972;B
240606;100711;315.24;50;10617864976;S
240606;100711;315.24;50;10617864977;S
240606;100711;315.28;40;10617864980;B
240606;100711;315.3;1000;10617864981;B
240606;100711;315.3;100;10617864982;B
240606;100711;315.3;10;10617864983;B
240606;100711;315.3;510;10617864984;B
240606;100711;315.31;320;10617864985;B
240606;100711;315.31;20;10617864986;B
240606;100712;315.3;510;10617865099;B
240606;100712;315.31;280;10617865100;B
240606;100713;315.26;20;10617865161;S
240606;100713;315.31;20;10617865240;B
240606;100713;315.31;30;10617865241;B
240606;100714;315.34;10;10617865254;B
240606;100717;315.34;50;10617865534;B
240606;100718;315.34;50;10617865674;B
240606;100719;315.29;100;10617865697;S
240606;100719;315.29;10;10617865708;S
240606;100719;315.29;490;10617865711;S
240606;100719;315.28;50;10617865712;S
240606;100719;315.26;790;10617865713;S
240606;100719;315.25;10;10617865714;S
240606;100719;315.25;200;10617865715;S
240606;100719;315.25;650;10617865716;S
240606;100719;315.25;2000;10617865717;S
240606;100719;315.24;100;10617865718;S
240606;100719;315.24;510;10617865719;S
240606;100719;315.23;40;10617865720;S
240606;100719;315.23;510;10617865721;S
240606;100719;315.23;1600;10617865722;S
240606;100719;315.23;10;10617865723;B
240606;100719;315.23;100;10617865740;B
240606;100719;315.23;50;10617865745;B
240606;100719;315.23;10;10617865777;B
240606;100720;315.23;50;10617865793;B
240606;100720;315.23;100;10617865796;B
240606;100720;315.22;960;10617865879;S
240606;100720;315.21;50;10617865880;S
240606;100720;315.17;510;10617865881;S
240606;100720;315.16;70;10617865882;S
240606;100720;315.22;100;10617865897;B
240606;100721;315.22;100;10617865955;B
240606;100721;315.17;300;10617865991;S
240606;100722;315.22;100;10617866004;B
240606;100722;315.22;100;10617866047;B
240606;100723;315.22;100;10617866095;B
240606;100723;315.22;100;10617866156;B
240606;100723;315.16;50;10617866186;S
240606;100723;315.16;50;10617866187;S
240606;100723;315.22;100;10617866188;B
240606;100723;315.22;50;10617866200;B
240606;100723;315.22;50;10617866205;B
240606;100724;315.22;50;10617866207;B
240606;100724;315.22;50;10617866219;B
240606;100724;315.22;50;10617866223;B
240606;100724;315.22;50;10617866239;B
240606;100724;315.23;500;10617866318;B
240606;100726;315.18;50;10617866461;S
240606;100726;315.23;10;10617866497;B
240606;100728;315.22;600;10617867236;B
240606;100728;315.22;50;10617867237;B
240606;100728;315.23;350;10617867238;B
240606;100728;315.18;600;10617867241;S
240606;100728;315.22;600;10617867357;B
240606;100728;315.23;200;10617867358;B
240606;100729;315.22;530;10617867417;B
240606;100729;315.18;100;10617867442;S
240606;100731;315.22;60;10617867652;B
240606;100734;315.23;30;10617868056;B
240606;100735;315.22;160;10617868336;B
240606;100736;315.19;20;10617868377;S
240606;100737;315.22;20;10617868652;B
240606;100738;315.23;20;10617868764;B
240606;100738;315.2;20;10617868795;S
240606;100740;315.2;580;10617868985;S
240606;100740;315.19;420;10617868986;S
240606;100740;315.22;50;10617869015;B
240606;100741;315.22;30;10617869076;B
240606;100744;315.2;10;10617869328;S
240606;100744;315.22;20;10617869358;B
240606;100744;315.22;10;10617869359;B
240606;100748;315.22;40;10617869639;B
240606;100748;315.22;10;10617869687;B
240606;100748;315.22;50;10617869689;B
240606;100748;315.22;500;10617869715;B
240606;100748;315.22;40;10617869718;B
240606;100748;315.22;10;10617869719;B
240606;100749;315.22;50;10617869735;B
240606;100749;315.21;100;10617869736;B
240606;100749;315.21;100;10617869750;B
240606;100749;315.21;50;10617869753;B
240606;100749;315.21;50;10617869768;B
240606;100749;315.21;50;10617869781;B
240606;100749;315.21;50;10617869792;B
240606;100749;315.21;50;10617869824;B
240606;100750;315.21;50;10617869829;B
240606;100750;315.21;50;10617869842;B
240606;100750;315.21;50;10617869851;B
240606;100751;315.21;10;10617869922;B
240606;100751;315.2;30;10617869925;S
240606;100751;315.21;10;10617869951;B
240606;100752;315.2;20;10617869990;S
240606;100752;315.2;120;10617870000;S
240606;100752;315.2;20;10617870001;S
240606;100752;315.2;130;10617870002;S
240606;100752;315.18;10;10617870003;S
240606;100752;315.18;720;10617870004;S
240606;100752;315.18;280;10617870005;S
240606;100752;315.17;100;10617870007;B
240606;100752;315.17;100;10617870011;B
240606;100752;315.17;100;10617870022;B
240606;100752;315.17;100;10617870042;B
240606;100753;315.17;100;10617870064;B
240606;100753;315.17;100;10617870107;B
240606;100753;315.18;720;10617870108;B
240606;100753;315.2;10;10617870109;B
240606;100754;315.21;10;10617870142;B
240606;100754;315.2;2000;10617870162;S
240606;100755;315.21;20;10617870241;B
240606;100756;315.2;10;10617870345;S
240606;100756;315.2;10;10617870359;S
240606;100757;315.2;10;10617870415;S
240606;100758;315.21;10;10617870473;B
240606;100758;315.21;90;10617870474;B
240606;100758;315.2;2140;10617870490;S
240606;100758;315.2;490;10617870491;S
240606;100758;315.2;190;10617870492;S
240606;100759;315.19;600;10617870586;B
240606;100759;315.2;180;10617870587;B
240606;100800;315.2;200;10617870689;S
240606;100800;315.21;100;10617870695;B
240606;100801;315.21;310;10617870736;B
240606;100801;315.22;20;10617870749;B
240606;100801;315.22;200;10617870763;B
240606;100801;315.21;200;10617870777;S
240606;100807;315.21;40;10617871686;S
240606;100811;315.22;10;10617872029;B
240606;100811;315.22;20;10617872074;B
240606;100811;315.21;20;10617872075;S
240606;100811;315.21;70;10617872079;S
240606;100811;315.22;10;10617872094;B
240606;100811;315.22;10;10617872099;B
240606;100812;315.22;10;10617872136;B
240606;100812;315.22;50;10617872202;B
240606;100812;315.22;10;10617872203;B
240606;100812;315.23;40;10617872204;B
240606;100813;315.23;100;10617872209;B
240606;100813;315.23;100;10617872221;B
240606;100813;315.23;100;10617872224;B
240606;100813;315.23;100;10617872234;B
240606;100813;315.22;10;10617872238;S
240606;100813;315.23;100;10617872241;B
240606;100813;315.23;100;10617872258;B
240606;100813;315.23;100;10617872299;B
240606;100813;315.23;100;10617872308;B
240606;100813;315.23;100;10617872337;B
240606;100813;315.22;590;10617872343;S
240606;100813;315.21;200;10617872344;S
240606;100813;315.21;10;10617872345;S
240606;100813;315.21;430;10617872346;S
240606;100813;315.21;320;10617872347;S
240606;100813;315.2;50;10617872348;S
240606;100814;315.23;100;10617872350;B
240606;100814;315.23;20;10617872358;B
240606;100814;315.23;20;10617872423;B
240606;100815;315.23;20;10617872458;B
240606;100816;315.21;100;10617872517;S
240606;100817;315.23;50;10617872625;B
240606;100822;315.23;10;10617873040;B
240606;100822;315.22;250;10617873138;S
240606;100823;315.22;100;10617873198;S
240606;100824;315.22;10;10617873230;S
240606;100824;315.22;240;10617873237;S
240606;100824;315.22;20;10617873238;S
240606;100824;315.22;270;10617873239;S
240606;100824;315.2;270;10617873240;S
240606;100825;315.23;1000;10617873367;B
240606;100825;315.23;10;10617873397;B
240606;100827;315.23;50;10617873530;B
240606;100827;315.23;10;10617873533;B
240606;100827;315.22;10;10617873575;S
240606;100827;315.22;10;10617873576;S
240606;100827;315.22;600;10617873577;S
240606;100827;315.22;1000;10617873578;S
240606;100827;315.22;50;10617873579;S
240606;100827;315.22;200;10617873580;S
240606;100827;315.21;1000;10617873581;S
240606;100827;315.21;100;10617873596;B
240606;100828;315.21;100;10617873605;B
240606;100828;315.21;100;10617873611;B
240606;100828;315.2;200;10617873659;S
240606;100829;315.21;100;10617873728;B
240606;100829;315.21;100;10617873739;B
240606;100829;315.21;100;10617873763;B
240606;100830;315.21;100;10617873771;B
240606;100830;315.21;20;10617873778;B
240606;100830;315.21;100;10617873793;B
240606;100830;315.21;100;10617873798;B
240606;100830;315.21;100;10617873804;B
240606;100830;315.21;10;10617873805;B
240606;100830;315.21;100;10617873817;B
240606;100832;315.21;10;10617873974;B
240606;100833;315.21;5990;10617874123;B
240606;100833;315.23;10;10617874126;B
240606;100833;315.23;100;10617874131;B
240606;100834;315.22;30;10617874158;S
240606;100834;315.23;10;10617874168;B
240606;100834;315.23;100;10617874183;B
240606;100834;315.23;100;10617874193;B
240606;100834;315.23;100;10617874198;B
240606;100834;315.23;100;10617874208;B
240606;100834;315.23;100;10617874218;B
240606;100835;315.23;100;10617874227;B
240606;100835;315.23;180;10617874235;B
240606;100835;315.23;100;10617874238;B
240606;100835;315.23;100;10617874243;B
240606;100835;315.23;100;10617874269;B
240606;100835;315.23;100;10617874274;B
240606;100835;315.23;100;10617874282;B
240606;100835;315.22;570;10617874294;S
240606;100835;315.21;10;10617874295;S
240606;100835;315.21;220;10617874296;S
240606;100835;315.23;100;10617874297;B
240606;100835;315.23;100;10617874299;B
240606;100837;315.23;100;10617874395;B
240606;100838;315.23;10;10617874532;B
240606;100838;315.22;30;10617874561;S
240606;100839;315.23;40;10617874639;B
240606;100840;315.23;30;10617874661;B
240606;100841;315.23;100;10617874768;B
240606;100841;315.23;100;10617874775;B
240606;100841;315.23;100;10617874797;B
240606;100841;315.23;100;10617874810;B
240606;100841;315.23;100;10617874818;B
240606;100841;315.23;30;10617874826;B
240606;100841;315.23;100;10617874835;B
240606;100841;315.23;6980;10617874838;B
240606;100841;315.23;300;10617874839;B
240606;100841;315.25;10;10617874840;B
240606;100843;315.25;10;10617874974;B
240606;100843;315.25;600;10617875055;S
240606;100843;315.25;810;10617875056;S
240606;100843;315.24;1000;10617875057;S
240606;100843;315.24;510;10617875058;S
240606;100843;315.23;710;10617875059;S
240606;100843;315.23;510;10617875060;S
240606;100843;315.22;920;10617875061;S
240606;100843;315.22;60;10617875062;S
240606;100843;315.22;510;10617875063;S
240606;100843;315.21;1800;10617875064;S
240606;100843;315.21;10;10617875065;S
240606;100843;315.21;430;10617875066;S
240606;100843;315.21;510;10617875067;S
240606;100843;315.21;2000;10617875068;S
240606;100843;315.2;1340;10617875069;S
240606;100843;315.2;100;10617875070;S
240606;100843;315.2;1180;10617875071;S
240606;100845;315.2;50;10617875158;S
240606;100845;315.22;100;10617875174;B
240606;100845;315.22;10;10617875199;B
240606;100845;315.22;100;10617875239;B
240606;100846;315.22;290;10617875423;B
240606;100847;315.24;500;10617875448;B
240606;100847;315.25;600;10617875449;B
240606;100847;315.25;500;10617875450;B
240606;100847;315.26;500;10617875451;B
240606;100847;315.26;10;10617875452;B
240606;100847;315.27;500;10617875453;B
240606;100847;315.27;390;10617875454;B
240606;100847;315.25;50;10617875539;B
240606;100848;315.23;100;10617875577;S
240606;100848;315.23;100;10617875619;S
240606;100850;315.25;10;10617875790;B
240606;100851;315.23;10;10617875875;S
240606;100851;315.22;600;10617875876;B
240606;100851;315.22;260;10617875877;B
240606;100851;315.2;10;10617875878;S
240606;100851;315.21;600;10617875881;B
240606;100851;315.21;500;10617875882;B
240606;100851;315.21;330;10617875883;B
240606;100851;315.21;350;10617875885;B
240606;100851;315.2;1000;10617875895;S
240606;100851;315.2;220;10617875896;S
240606;100851;315.2;780;10617875897;S
240606;100851;315.2;200;10617875918;S
240606;100851;315.2;20;10617875941;S
240606;100851;315.2;10;10617875942;S
240606;100851;315.2;10;10617875943;S
240606;100851;315.18;60;10617875944;S
240606;100851;315.19;100;10617875948;B
240606;100851;315.19;100;10617875958;B
240606;100851;315.18;1890;10617875960;S
240606;100851;315.19;100;10617875970;B
240606;100852;315.19;100;10617875981;B
240606;100852;315.19;100;10617876000;B
240606;100852;315.19;100;10617876003;B
240606;100852;315.19;100;10617876048;B
240606;100852;315.19;100;10617876055;B
240606;100853;315.18;1000;10617876121;S
240606;100853;315.18;300;10617876122;S
240606;100853;315.18;50;10617876123;S
240606;100853;315.17;200;10617876125;S
240606;100853;315.15;50;10617876126;S
240606;100853;315.15;20;10617876127;S
240606;100853;315.15;250;10617876128;S
240606;100853;315.15;30;10617876129;S
240606;100853;315.1;90;10617876131;S
240606;100853;315.1;10;10617876132;S
240606;100853;315.1;100;10617876137;S
240606;100853;315.1;120;10617876140;S
240606;100853;315.1;10;10617876141;S
240606;100853;315.1;10;10617876142;S
240606;100853;315.1;50;10617876143;S
240606;100853;315.09;100;10617876144;S
240606;100853;315.08;10;10617876145;S
240606;100853;315.05;10;10617876146;S
240606;100853;315.05;10;10617876147;S
240606;100853;315.02;2180;10617876148;S
240606;100853;315.02;640;10617876149;S
240606;100853;315.03;100;10617876177;B
240606;100853;315.03;100;10617876182;B
240606;100853;315.02;100;10617876196;S
240606;100854;315.03;20;10617876210;B
240606;100854;315.02;80;10617876267;S
240606;100854;315.02;20;10617876268;S
240606;100854;315.02;60;10617876285;S
240606;100855;315.02;10;10617876391;B
240606;100855;315.02;10;10617876415;B
240606;100856;315.02;20;10617876435;B
240606;100857;315.02;10;10617876609;B
240606;100859;315.01;10;10617876784;S
240606;100859;315.01;90;10617876785;S
240606;100859;315.02;150;10617876844;B
240606;100859;315.01;10;10617876937;S
240606;100900;315.01;300;10617876967;S
240606;100900;315.01;200;10617876968;S
240606;100900;315.01;100;10617876974;S
240606;100900;315.01;10;10617877024;S
240606;100901;315.02;100;10617877084;B
240606;100901;315.02;10;10617877144;B
240606;100901;315.02;10;10617877189;B
240606;100902;315.02;80;10617877228;B
240606;100902;315.02;10;10617877235;B
240606;100903;315.02;40;10617877349;B
240606;100904;315.01;10;10617877359;S
240606;100904;315.02;20;10617877367;B
240606;100905;315.01;50;10617877462;S
240606;100905;315.02;30;10617877474;B
240606;100906;315.02;10;10617877536;B
240606;100906;315.01;10;10617877614;S
240606;100906;315.02;100;10617877631;B
240606;100908;315.02;20;10617877749;B
240606;100908;315.02;30;10617877774;B
240606;100908;315.02;150;10617877785;B
240606;100909;315.01;1720;10617877868;S
240606;100909;315.01;680;10617877869;S
240606;100910;315.01;20;10617877885;S
240606;100910;315.01;160;10617877919;S
240606;100910;315.01;840;10617877920;S
240606;100910;315.02;10;10617877923;B
240606;100910;315.02;150;10617877933;B
240606;100910;315.02;960;10617877934;B
240606;100910;315.02;1140;10617877935;B
240606;100910;315.02;510;10617877936;B
240606;100910;315.02;150;10617877937;B
240606;100910;315.02;470;10617877938;B
240606;100910;315.02;600;10617877939;B
240606;100910;315.03;500;10617877940;B
240606;100910;315.03;510;10617877941;B
240606;100910;315.04;500;10617877942;B
240606;100910;315.04;510;10617877943;B
240606;100910;315.05;500;10617877944;B
240606;100910;315.05;470;10617877945;B
240606;100912;315.02;90;10617878032;B
240606;100912;315.01;40;10617878046;S
240606;100912;315.01;20;10617878047;S
240606;100912;315.01;20;10617878048;S
240606;100912;315.01;750;10617878049;S
240606;100912;315.01;230;10617878050;S
240606;100912;315.02;100;10617878099;B
240606;100913;315.01;30;10617878250;S
240606;100914;315.02;10;10617878311;B
240606;100915;315.08;510;10617878469;B
240606;100915;315.09;490;10617878470;B
240606;100917;315.07;500;10617878592;S
240606;100918;315.07;20;10617878694;S
240606;100918;315.07;20;10617878704;S
240606;100921;315.1;150;10617878952;S
240606;100922;315.14;40;10617879071;B
240606;100923;315.12;600;10617879107;S
240606;100923;315.11;10;10617879108;S
240606;100923;315.1;390;10617879109;S
240606;100924;315.14;10;10617879175;B
240606;100925;315.11;100;10617879342;S
240606;100926;315.11;20;10617879365;S
240606;100929;315.13;130;10617879637;S
240606;100929;315.12;470;10617879638;S
240606;100929;315.11;680;10617879639;S
240606;100929;315.11;50;10617879640;S
240606;100929;315.1;270;10617879641;S
240606;100931;315.12;300;10617879956;S
240606;100936;315.15;10;10617880409;B
240606;100937;315.15;600;10617880456;S
240606;100937;315.14;10;10617880457;S
240606;100937;315.14;240;10617880458;S
240606;100937;315.11;10;10617880459;S
240606;100937;315.11;140;10617880460;S
240606;100937;315.17;10;10617880462;B
240606;100939;315.17;100;10617880702;B
240606;100940;315.19;100;10617880754;B
240606;100941;315.17;600;10617880827;S
240606;100941;315.17;500;10617880828;S
240606;100941;315.17;100;10617880829;S
240606;100941;315.15;500;10617880830;S
240606;100941;315.14;320;10617880831;S
240606;100941;315.14;500;10617880832;S
240606;100941;315.13;50;10617880833;S
240606;100941;315.13;500;10617880834;S
240606;100941;315.13;470;10617880835;S
240606;100941;315.12;500;10617880836;S
240606;100941;315.12;2000;10617880837;S
240606;100941;315.11;500;10617880838;S
240606;100941;315.11;810;10617880839;S
240606;100941;315.11;1000;10617880840;S
240606;100941;315.1;500;10617880841;S
240606;100941;315.09;1000;10617880842;S
240606;100941;315.09;150;10617880843;S
240606;100941;315.19;10;10617880943;B
240606;100945;315.19;20;10617881292;B
240606;100946;315.17;50;10617881313;S
240606;100946;315.17;10;10617881325;S
240606;100946;315.2;20;10617881356;B
240606;100951;315.18;50;10617881826;S
240606;100952;315.2;10;10617881964;B
240606;100954;315.2;50;10617882064;B
240606;100954;315.19;100;10617882112;S
240606;100954;315.2;10;10617882118;B
240606;100954;315.18;100;10617882121;S
240606;100954;315.18;100;10617882130;S
240606;100954;315.18;80;10617882142;S
240606;100954;315.2;10;10617882143;B
240606;100954;315.2;10;10617882144;B
240606;100954;315.2;80;10617882145;B
240606;100955;315.21;100;10617882246;B
240606;100955;315.21;100;10617882266;B
240606;100955;315.21;10;10617882272;B
240606;100956;315.21;100;10617882321;B
240606;100956;315.21;100;10617882327;B
240606;100956;315.21;20;10617882337;B
240606;100957;315.19;10;10617882422;B
240606;100958;315.19;100;10617882502;B
240606;100958;315.19;100;10617882508;B
240606;100958;315.19;20;10617882514;B
240606;100958;315.19;10;10617882568;B
240606;100959;315.19;10;10617882639;B
240606;100959;315.19;60;10617882666;B
240606;101000;315.19;10;10617882687;B
240606;101000;315.19;10;10617882706;B
240606;101000;315.19;670;10617882746;B
240606;101000;315.2;10;10617882751;S
240606;101002;315.2;500;10617882930;S
240606;101004;315.2;470;10617883056;S
240606;101004;315.2;30;10617883086;B
240606;101004;315.2;70;10617883087;B
240606;101004;315.2;150;10617883096;B
240606;101004;315.2;100;10617883099;B
240606;101004;315.19;80;10617883101;S
240606;101004;315.2;100;10617883104;B
240606;101004;315.2;80;10617883114;B
240606;101004;315.2;20;10617883115;B
240606;101004;315.2;100;10617883128;B
240606;101004;315.2;100;10617883137;B
240606;101005;315.2;100;10617883188;B
240606;101005;315.2;100;10617883195;B
240606;101005;315.2;10;10617883217;B
240606;101007;315.2;10;10617883317;B
240606;101007;315.2;60;10617883319;B
240606;101007;315.21;10;10617883320;B
240606;101011;315.19;70;10617883611;S
240606;101011;315.19;10;10617883612;S
240606;101011;315.19;20;10617883613;S
240606;101011;315.2;60;10617883637;B
240606;101012;315.2;540;10617883683;B
240606;101012;315.2;500;10617883684;B
240606;101012;315.2;10;10617883685;B
240606;101014;315.22;20;10617883861;B
240606;101017;315.24;200;10617884075;B
240606;101018;315.22;600;10617884113;S
240606;101018;315.21;400;10617884114;S
240606;101022;315.21;100;10617884380;S
240606;101024;315.24;10;10617884455;B
240606;101024;315.25;10;10617884456;B
240606;101024;315.25;60;10617884457;B
240606;101025;315.25;30;10617884582;B
240606;101026;315.22;20;10617884607;S
240606;101031;315.22;20;10617884991;S
240606;101032;315.22;10;10617885078;S
240606;101033;315.25;910;10617885205;B
240606;101033;315.25;150;10617885206;B
240606;101034;315.22;20;10617885280;S
240606;101034;315.25;30;10617885300;B
240606;101036;315.22;340;10617885497;S
240606;101036;315.22;40;10617885498;S
240606;101037;315.21;60;10617885561;S
240606;101038;315.22;30;10617885671;B
240606;101038;315.21;10;10617885674;S
240606;101039;315.21;10;10617885798;S
240606;101039;315.21;10;10617885808;S
240606;101040;315.22;10;10617885904;B
240606;101041;315.21;320;10617885909;S
240606;101041;315.21;60;10617885910;S
240606;101041;315.22;10;10617885926;B
240606;101042;315.21;90;10617885985;S
240606;101042;315.21;180;10617885992;S
240606;101042;315.2;510;10617885993;S
240606;101044;315.22;30;10617886140;B
240606;101044;315.22;10;10617886219;B
240606;101045;315.22;70;10617886275;B
240606;101045;315.23;30;10617886276;B
240606;101047;315.24;100;10617886425;B
240606;101051;315.21;510;10617886878;S
240606;101051;315.2;620;10617886879;S
240606;101051;315.21;200;10617886893;S
240606;101051;315.2;200;10617886897;S
240606;101052;315.2;600;10617886928;S
240606;101052;315.2;200;10617886932;S
240606;101052;315.2;200;10617886956;S
240606;101052;315.2;200;10617886964;S
240606;101052;315.23;320;10617886965;B
240606;101052;315.23;960;10617886966;B
240606;101052;315.24;400;10617886967;B
240606;101052;315.24;600;10617886968;B
240606;101052;315.25;320;10617886969;B
240606;101052;315.25;200;10617886970;B
240606;101052;315.25;40;10617886971;B
240606;101052;315.25;860;10617886972;B
240606;101052;315.26;1240;10617886973;B
240606;101052;315.26;60;10617886974;B
240606;101052;315.21;100;10617886979;S
240606;101052;315.25;200;10617886999;S
240606;101053;315.25;400;10617887009;S
240606;101053;315.25;200;10617887012;S
240606;101053;315.26;150;10617887017;S
240606;101053;315.24;360;10617887018;S
240606;101053;315.23;490;10617887019;S
240606;101053;315.23;110;10617887020;S
240606;101053;315.23;90;10617887021;S
240606;101053;315.23;200;10617887022;S
240606;101053;315.23;200;10617887047;S
240606;101053;315.23;10;10617887056;S
240606;101053;315.22;190;10617887057;S
240606;101054;315.22;200;10617887068;S
240606;101054;315.22;200;10617887086;S
240606;101054;315.22;200;10617887097;S
240606;101054;315.22;100;10617887118;S
240606;101054;315.21;100;10617887119;S
240606;101054;315.21;400;10617887156;S
240606;101054;315.21;10;10617887166;S
240606;101054;315.21;390;10617887167;S
240606;101054;315.21;200;10617887180;S
240606;101055;315.21;200;10617887191;S
240606;101055;315.2;200;10617887218;S
240606;101055;315.2;200;10617887224;S
240606;101055;315.2;200;10617887227;S
240606;101055;315.2;200;10617887243;S
240606;101055;315.2;200;10617887253;S
240606;101056;315.2;160;10617887335;S
240606;101056;315.2;200;10617887346;S
240606;101056;315.2;60;10617887372;S
240606;101056;315.2;30;10617887373;S
240606;101056;315.2;150;10617887374;S
240606;101056;315.2;10;10617887375;S
240606;101056;315.2;10;10617887376;S
240606;101056;315.2;240;10617887377;S
240606;101056;315.19;10;10617887405;S
240606;101056;315.19;190;10617887406;S
240606;101057;315.19;70;10617887419;S
240606;101057;315.22;10;10617887426;B
240606;101057;315.19;40;10617887462;S
240606;101057;315.19;160;10617887463;S
240606;101057;315.19;150;10617887494;S
240606;101057;315.19;100;10617887512;S
240606;101057;315.19;260;10617887525;S
240606;101057;315.19;100;10617887532;S
240606;101058;315.19;10;10617887546;S
240606;101058;315.19;200;10617887565;S
240606;101058;315.19;100;10617887578;S
240606;101058;315.19;100;10617887587;S
240606;101058;315.18;60;10617887588;S
240606;101058;315.18;140;10617887589;S
240606;101058;315.17;200;10617887617;S
240606;101058;315.17;200;10617887623;S
240606;101059;315.17;110;10617887638;S
240606;101059;315.16;90;10617887639;S
240606;101059;315.17;200;10617887659;S
240606;101059;315.17;100;10617887666;S
240606;101059;315.17;200;10617887667;S
240606;101059;315.17;210;10617887676;S
240606;101059;315.17;90;10617887677;S
240606;101059;315.17;200;10617887693;S
240606;101100;315.17;200;10617887709;S
240606;101100;315.17;20;10617887728;S
240606;101100;315.16;380;10617887729;S
240606;101100;315.17;200;10617887743;S
240606;101100;315.17;10;10617887746;B
240606;101100;315.16;200;10617887747;S
240606;101100;315.17;90;10617887757;B
240606;101100;315.19;20;10617887758;B
240606;101100;315.19;580;10617887759;B
240606;101100;315.17;200;10617887781;S
240606;101100;315.17;200;10617887797;S
240606;101105;315.17;110;10617888083;S
240606;101105;315.17;230;10617888084;S
240606;101105;315.16;410;10617888085;S
240606;101105;315.16;230;10617888086;S
240606;101106;315.2;960;10617888181;B
240606;101106;315.21;600;10617888182;B
240606;101106;315.23;1000;10617888183;B
240606;101106;315.25;380;10617888184;B
240606;101106;315.25;860;10617888185;B
240606;101106;315.25;320;10617888186;B
240606;101106;315.26;500;10617888187;B
240606;101106;315.27;500;10617888188;B
240606;101106;315.27;500;10617888189;B
240606;101106;315.28;90;10617888190;B
240606;101106;315.2;200;10617888203;S
240606;101106;315.2;310;10617888211;S
240606;101106;315.2;90;10617888212;S
240606;101106;315.21;10;10617888223;B
240606;101107;315.2;590;10617888235;S
240606;101107;315.19;200;10617888240;S
240606;101107;315.19;200;10617888244;S
240606;101107;315.19;200;10617888252;S
240606;101107;315.18;200;10617888293;S
240606;101107;315.18;200;10617888319;S
240606;101112;315.25;210;10617888736;B
240606;101112;315.24;20;10617888826;S
240606;101112;315.2;280;10617888827;S
240606;101113;315.26;60;10617888859;B
240606;101115;315.25;10;10617889078;B
240606;101117;315.23;10;10617889216;S
240606;101117;315.22;90;10617889217;S
240606;101117;315.21;500;10617889224;S
240606;101117;315.21;50;10617889225;S
240606;101117;315.21;180;10617889226;S
240606;101117;315.2;220;10617889227;S
240606;101117;315.2;510;10617889228;S
240606;101117;315.2;640;10617889229;S
240606;101117;315.2;600;10617889230;S
240606;101117;315.19;100;10617889231;S
240606;101117;315.19;500;10617889232;S
240606;101117;315.19;510;10617889233;S
240606;101117;315.19;80;10617889234;S
240606;101117;315.18;110;10617889235;S
240606;101117;315.18;500;10617889236;S
240606;101117;315.17;510;10617889237;S
240606;101118;315.17;1740;10617889341;B
240606;101118;315.17;200;10617889342;B
240606;101118;315.17;60;10617889343;B
240606;101119;315.17;40;10617889383;B
240606;101119;315.17;500;10617889384;B
240606;101119;315.18;70;10617889385;S
240606;101119;315.16;600;10617889429;S
240606;101119;315.16;20;10617889440;S
240606;101119;315.15;180;10617889441;S
240606;101119;315.15;50;10617889443;S
240606;101122;315.17;130;10617889766;B
240606;101122;315.19;320;10617889767;B
240606;101122;315.19;550;10617889768;B
240606;101124;315.15;770;10617889899;S
240606;101124;315.15;230;10617889900;S
240606;101126;315.15;20;10617890064;B
240606;101128;315.15;50;10617890257;B
240606;101129;315.14;10;10617890304;S
240606;101129;315.14;20;10617890305;S
240606;101129;315.17;200;10617890350;B
240606;101131;315.14;310;10617890540;S
240606;101131;315.14;50;10617890541;S
240606;101131;315.13;10;10617890542;S
240606;101131;315.13;240;10617890543;S
240606;101131;315.13;600;10617890544;S
240606;101131;315.13;20;10617890545;S
240606;101131;315.12;430;10617890546;S
240606;101132;315.16;30;10617890590;B
240606;101133;315.17;40;10617890691;B
240606;101135;315.18;300;10617891082;S
240606;101135;315.19;10;10617891088;B
240606;101135;315.19;90;10617891089;B
240606;101136;315.18;30;10617891098;S
240606;101136;315.19;10;10617891099;B
240606;101136;315.18;200;10617891124;S
240606;101136;315.18;200;10617891158;S
240606;101136;315.18;400;10617891191;S
240606;101136;315.18;290;10617891217;S
240606;101136;315.18;340;10617891218;S
240606;101136;315.18;200;10617891219;S
240606;101137;315.16;300;10617891249;S
240606;101137;315.16;200;10617891250;S
240606;101137;315.16;60;10617891256;S
240606;101137;315.15;200;10617891271;S
240606;101138;315.15;50;10617891366;S
240606;101139;315.15;40;10617891399;S
240606;101140;315.17;10;10617891495;B
240606;101141;315.16;600;10617891680;S
240606;101141;315.16;360;10617891681;S
240606;101143;315.17;10;10617891838;B
240606;101144;315.16;50;10617891861;S
240606;101144;315.16;90;10617891896;S
240606;101144;315.16;10;10617891897;S
240606;101144;315.16;590;10617891901;S
240606;101147;315.16;10;10617892052;B
240606;101147;315.15;70;10617892094;S
240606;101148;315.15;200;10617892097;S
240606;101148;315.15;200;10617892105;S
240606;101148;315.15;200;10617892126;S
240606;101148;315.15;200;10617892155;S
240606;101148;315.15;630;10617892156;S
240606;101148;315.15;30;10617892157;S
240606;101153;315.14;110;10617892595;S
240606;101153;315.14;130;10617892596;S
240606;101153;315.12;200;10617892624;S
240606;101156;315.13;10;10617892837;B
240606;101156;315.12;40;10617892846;S
240606;101156;315.13;10;10617892925;B
240606;101156;315.13;10;10617893090;B
240606;101157;315.12;260;10617893119;S
240606;101157;315.12;10;10617893120;S
240606;101157;315.11;510;10617893121;S
240606;101157;315.11;10;10617893122;S
240606;101157;315.1;3210;10617893123;S
240606;101158;315.07;600;10617893224;S
240606;101158;315.04;510;10617893297;S
240606;101158;315.04;390;10617893298;S
240606;101158;315.04;50;10617893302;S
240606;101158;315.03;400;10617893306;S
240606;101159;315.03;400;10617893321;S
240606;101159;315.03;200;10617893343;S
240606;101159;315.03;200;10617893368;S
240606;101159;315.03;200;10617893375;S
240606;101159;315.03;200;10617893401;S
240606;101159;315.03;200;10617893425;S
240606;101159;315.03;200;10617893440;S
240606;101159;315.03;50;10617893441;S
240606;101159;315.02;10;10617893445;S
240606;101159;315.02;40;10617893446;S
240606;101200;315.02;10;10617893479;B
240606;101200;315.02;30;10617893493;B
240606;101200;315.02;130;10617893523;B
240606;101200;315.02;50;10617893524;S
240606;101200;315.02;400;10617893532;S
240606;101201;315.03;50;10617893615;B
240606;101202;315.02;280;10617893727;S
240606;101202;315.02;510;10617893728;S
240606;101202;315.02;360;10617893729;S
240606;101204;315.03;200;10617893891;S
240606;101204;315.02;30;10617893894;S
240606;101204;315.02;470;10617893895;S
240606;101206;315.02;40;10617894150;S
240606;101206;315.02;50;10617894151;S
240606;101206;315.02;160;10617894152;S
240606;101206;315.02;210;10617894171;S
240606;101206;315.02;510;10617894172;S
240606;101206;315.01;340;10617894173;S
240606;101206;315.01;10;10617894200;S
240606;101207;315.01;10;10617894281;S
240606;101207;315.01;10;10617894292;S
240606;101207;315.02;20;10617894306;B
240606;101208;315.02;310;10617894326;B
240606;101210;315.01;130;10617894556;S
240606;101212;315.01;10;10617894758;S
240606;101212;315.01;190;10617894759;S
240606;101213;315.02;10;10617894790;B
240606;101214;315.02;10;10617894961;B
240606;101215;315.02;130;10617895163;B
240606;101215;315.01;10;10617895190;S
240606;101215;315.01;70;10617895257;S
240606;101216;315.01;20;10617895347;S
240606;101217;315.02;10;10617895388;B
240606;101217;315.01;50;10617895394;S
240606;101217;315.01;600;10617895395;S
240606;101217;315.01;10;10617895396;S
240606;101217;315.01;510;10617895397;S
240606;101217;315.01;100;10617895407;B
240606;101217;315.01;100;10617895413;B
240606;101217;315.01;20;10617895423;B
240606;101217;315.01;60;10617895424;B
240606;101217;315.01;40;10617895425;B
240606;101217;315.01;100;10617895433;B
240606;101217;315.01;1110;10617895435;B
240606;101219;315.02;170;10617895578;B
240606;101220;315.01;10;10617895679;S
240606;101222;315.02;10;10617895881;B
240606;101222;315.01;10;10617895889;S
240606;101222;315.02;10;10617895908;B
240606;101223;315.02;60;10617896023;B
240606;101223;315.04;10;10617896030;B
240606;101223;315.04;30;10617896058;B
240606;101224;315.04;460;10617896138;B
240606;101224;315.06;500;10617896139;B
240606;101224;315.07;500;10617896140;B
240606;101224;315.08;330;10617896141;B
240606;101226;315.08;50;10617896342;S
240606;101227;315.1;370;10617896381;B
240606;101228;315.1;40;10617896509;B
240606;101228;315.1;40;10617896510;B
240606;101229;315.1;10;10617896682;B
240606;101229;315.09;500;10617896692;S
240606;101230;315.1;30;10617896790;B
240606;101232;315.1;10;10617897104;B
240606;101234;315.1;10;10617897272;B
240606;101234;315.1;20;10617897273;B
240606;101234;315.12;100;10617897367;B
240606;101236;315.12;20;10617897553;B
240606;101236;315.12;10;10617897667;B
240606;101240;315.13;1000;10617897980;B
240606;101240;315.15;130;10617897981;B
240606;101240;315.15;50;10617898035;B
240606;101240;315.13;20;10617898044;S
240606;101240;315.13;120;10617898045;S
240606;101242;315.13;100;10617898221;S
240606;101248;315.15;70;10617898844;B
240606;101248;315.15;50;10617898869;B
240606;101251;315.15;10;10617899123;B
240606;101257;315.14;20;10617899655;S
240606;101257;315.14;20;10617899656;S
240606;101257;315.14;80;10617899677;S
240606;101257;315.13;180;10617899693;S
240606;101257;315.12;650;10617899694;S
240606;101257;315.12;350;10617899695;S
240606;101257;315.12;870;10617899696;S
240606;101257;315.12;20;10617899697;S
240606;101257;315.11;100;10617899705;B
240606;101257;315.1;200;10617899711;S
240606;101300;315.11;10;10617899914;B
240606;101301;315.11;60;10617899957;B
240606;101301;315.11;40;10617899958;B
240606;101301;315.11;100;10617899978;B
240606;101301;315.11;100;10617899991;B
240606;101301;315.11;500;10617900010;B
240606;101302;315.11;110;10617900016;S
240606;101303;315.11;100;10617900125;S
240606;101306;315.14;30;10617900553;B
240606;101308;315.11;20;10617900778;S
240606;101309;315.11;110;10617900823;S
240606;101309;315.11;280;10617900824;S
240606;101309;315.11;320;10617900825;S
240606;101309;315.11;190;10617900826;S
240606;101311;315.14;30;10617900961;B
240606;101312;315.14;100;10617901035;B
240606;101314;315.14;10;10617901197;B
240606;101316;315.14;10;10617901353;B
240606;101317;315.12;70;10617901468;S
240606;101317;315.12;10;10617901469;S
240606;101317;315.11;30;10617901470;S
240606;101317;315.11;60;10617901471;S
240606;101317;315.11;10;10617901485;S
240606;101322;315.14;10;10617901991;B
240606;101325;315.14;10;10617902295;B
240606;101326;315.14;100;10617902375;B
240606;101326;315.14;20;10617902377;B
240606;101327;315.13;10;10617902408;S
240606;101328;315.12;300;10617902530;S
240606;101329;315.11;500;10617902574;S
240606;101329;315.11;300;10617902575;S
240606;101330;315.13;20;10617902806;B
240606;101339;315.12;30;10617903667;S
240606;101339;315.12;50;10617903668;S
240606;101339;315.12;120;10617903669;S
240606;101339;315.12;170;10617903670;S
240606;101341;315.13;30;10617903805;B
240606;101341;315.13;10;10617903815;B
240606;101342;315.13;40;10617903912;B
240606;101342;315.13;80;10617903913;B
240606;101343;315.13;100;10617903955;B
240606;101343;315.13;100;10617903962;B
240606;101343;315.13;70;10617903974;B
240606;101343;315.12;300;10617904032;S
240606;101345;315.13;10;10617904118;B
240606;101347;315.13;100;10617904315;B
240606;101347;315.13;70;10617904365;B
240606;101350;315.12;40;10617904652;S
240606;101350;315.12;20;10617904653;S
240606;101350;315.12;80;10617904654;S
240606;101350;315.12;40;10617904655;S
240606;101350;315.11;20;10617904656;S
240606;101351;315.12;20;10617904714;S
240606;101355;315.13;10;10617905073;S
240606;101356;315.14;10;10617905133;B
240606;101356;315.14;40;10617905185;B
240606;101357;315.14;10;10617905247;B
240606;101357;315.13;50;10617905256;S
240606;101358;315.13;460;10617905298;S
240606;101358;315.13;10;10617905299;S
240606;101358;315.13;30;10617905300;S
240606;101401;315.13;20;10617905554;S
240606;101401;315.13;510;10617905555;S
240606;101401;315.13;60;10617905556;S
240606;101401;315.13;10;10617905557;S
240606;101402;315.13;400;10617905644;B
240606;101402;315.13;440;10617905645;B
240606;101403;315.13;300;10617905783;B
240606;101405;315.13;60;10617905980;B
240606;101406;315.13;30;10617906037;B
240606;101406;315.12;10;10617906042;S
240606;101408;315.12;20;10617906137;S
240606;101408;315.12;80;10617906138;S
240606;101408;315.12;10;10617906174;S
240606;101408;315.12;510;10617906175;S
240606;101408;315.12;10;10617906176;S
240606;101408;315.12;190;10617906177;S
240606;101410;315.12;40;10617906357;B
240606;101411;315.11;40;10617906439;S
240606;101413;315.11;140;10617906559;S
240606;101415;315.11;50;10617906816;S
240606;101415;315.11;80;10617906817;S
240606;101415;315.1;250;10617906826;B
240606;101415;315.09;300;10617906841;S
240606;101418;315.1;40;10617907252;B
240606;101419;315.1;10;10617907388;B
240606;101421;315.1;10;10617907615;B
240606;101422;315.08;220;10617907628;S
240606;101422;315.08;200;10617907634;S
240606;101422;315.08;10;10617907641;S
240606;101423;315.09;10;10617907678;B
240606;101423;315.09;10;10617907685;B
240606;101424;315.08;160;10617907759;S
240606;101425;315.09;10;10617907942;B
240606;101426;315.08;340;10617907976;S
240606;101426;315.06;50;10617907977;B
240606;101426;315.05;20;10617907994;S
240606;101427;315.05;490;10617908071;S
240606;101427;315.05;10;10617908175;B
240606;101428;315.04;160;10617908193;S
240606;101429;315.04;30;10617908333;S
240606;101430;315.05;130;10617908434;B
240606;101432;315.05;200;10617908579;B
240606;101432;315.04;200;10617908598;S
240606;101432;315.04;90;10617908602;S
240606;101432;315.04;30;10617908607;S
240606;101432;315.04;270;10617908608;S
240606;101432;315.05;10;10617908701;B
240606;101433;315.05;10;10617908752;B
240606;101433;315.04;10;10617908781;S
240606;101434;315.05;30;10617908865;B
240606;101435;315.05;70;10617908897;B
240606;101435;315.05;50;10617908901;B
240606;101435;315.05;10;10617908902;B
240606;101435;315.06;220;10617908903;B
240606;101437;315.05;10;10617909063;S
240606;101437;315.05;220;10617909064;S
240606;101437;315.04;130;10617909065;S
240606;101437;315.04;470;10617909066;S
240606;101437;315.03;1170;10617909067;S
240606;101437;315.03;600;10617909068;B
240606;101439;315.04;10;10617909236;B
240606;101440;315.04;10;10617909358;B
240606;101441;315.04;150;10617909576;B
240606;101442;315.03;1000;10617909616;S
240606;101442;315.03;10;10617909697;S
240606;101442;315.03;110;10617909698;S
240606;101442;315.03;600;10617909699;B
240606;101442;315.03;500;10617909700;B
240606;101442;315.03;200;10617909707;S
240606;101443;315.03;200;10617909727;S
240606;101443;315.03;200;10617909744;S
240606;101443;315.04;20;10617909801;B
240606;101443;315.03;200;10617909803;S
240606;101443;315.03;90;10617909807;S
240606;101443;315.03;1000;10617909808;B
240606;101443;315.03;600;10617909809;B
240606;101443;315.03;500;10617909810;B
240606;101443;315.03;600;10617909811;B
240606;101443;315.03;500;10617909812;B
240606;101443;315.03;200;10617909821;S
240606;101443;315.03;200;10617909842;S
240606;101443;315.03;10;10617909849;S
240606;101443;315.03;200;10617909860;S
240606;101444;315.02;80;10617909878;S
240606;101444;315.01;320;10617909879;S
240606;101444;315.01;200;10617909886;S
240606;101444;315.01;100;10617909932;S
240606;101444;315.01;100;10617909933;S
240606;101445;315.01;100;10617910039;B
240606;101445;315;10;10617910064;S
240606;101445;315;30;10617910065;S
240606;101445;315;10;10617910066;S
240606;101445;315;20;10617910067;S
240606;101445;315;800;10617910068;S
240606;101445;315;20;10617910069;S
240606;101445;315;970;10617910070;S
240606;101445;315;10;10617910071;S
240606;101445;315;10;10617910072;S
240606;101445;315;760;10617910073;S
240606;101445;315;50;10617910074;S
240606;101445;315;1770;10617910075;S
240606;101445;315;300;10617910095;S
240606;101445;315;4460;10617910141;S
240606;101445;315;3470;10617910170;S
240606;101445;315;30;10617910171;S
240606;101445;315;10;10617910172;S
240606;101445;315;10;10617910173;S
240606;101445;315;10;10617910174;S
240606;101445;315;10;10617910175;S
240606;101445;315;80;10617910176;S
240606;101445;315;10;10617910177;S
240606;101445;315;10;10617910178;S
240606;101445;315;50;10617910179;S
240606;101445;315;10;10617910180;S
240606;101445;315;50;10617910181;S
240606;101445;315;710;10617910182;S
240606;101445;315;4460;10617910214;S
240606;101445;315.01;100;10617910218;B
240606;101445;315;2100;10617910268;S
240606;101446;315.01;10;10617910339;B
240606;101446;315;4950;10617910408;S
240606;101446;315;100;10617910426;S
240606;101446;315;500;10617910430;S
240606;101446;315;290;10617910431;S
240606;101446;315;6890;10617910432;S
240606;101446;315;50;10617910433;S
240606;101446;315;500;10617910434;S
240606;101446;315;30;10617910435;S
240606;101446;315;10;10617910436;S
240606;101446;315;270;10617910437;S
240606;101446;315;100;10617910438;S
240606;101446;314.99;30;10617910439;S
240606;101446;314.99;10;10617910440;S
240606;101446;314.99;1010;10617910441;S
240606;101446;314.98;100;10617910442;S
240606;101446;314.98;10;10617910445;S
240606;101446;314.98;1180;10617910446;S
240606;101446;314.98;240;10617910471;S
240606;101446;314.97;130;10617910472;S
240606;101446;314.96;10;10617910473;S
240606;101446;314.95;200;10617910474;S
240606;101446;314.95;10;10617910475;S
240606;101446;314.93;50;10617910476;S
240606;101446;314.92;50;10617910477;S
240606;101446;314.9;10;10617910478;S
